timestamp,ask_price_0,ask_vol_0,bid_price_0,bid_vol_0,ask_price_1,ask_vol_1,bid_price_1,bid_vol_1,ask_price_2,ask_vol_2,bid_price_2,bid_vol_2,ask_price_3,ask_vol_3,bid_price_3,bid_vol_3,ask_price_4,ask_vol_4,bid_price_4,bid_vol_4,ask_price_5,ask_vol_5,bid_price_5,bid_vol_5,ask_price_6,ask_vol_6,bid_price_6,bid_vol_6,ask_price_7,ask_vol_7,bid_price_7,bid_vol_7,ask_price_8,ask_vol_8,bid_price_8,bid_vol_8,ask_price_9,ask_vol_9,bid_price_9,bid_vol_9
1777502558465,75933.02,3.45796,75933.01,0.65269,75933.03,0.00036,75933.0,0.00618,75933.18,0.04515,75932.81,0.00014,75933.21,0.12736,75932.8,0.00007,75933.46,0.04014,75932.34,0.00235,75933.5,0.003,75932.0,0.0012,75934.22,0.00007,75931.95,0.00007,75934.75,0.00007,75931.84,0.00197,75934.76,0.69753,75930.95,0.00008,75934.77,0.00008,75930.7,0.00314
1777502558564,75933.02,3.02335,75933.01,0.92705,75933.03,0.00071,75933.0,0.00604,75933.17,0.00014,75932.81,0.00014,75933.18,0.04515,75932.8,0.00007,75933.2,0.00014,75932.34,0.00235,75933.21,0.12736,75932.0,0.0012,75933.45,0.00014,75931.95,0.00007,75933.46,0.04014,75931.84,0.00197,75933.5,0.003,75930.95,0.00008,75934.22,0.00007,75930.7,0.00314
1777502558664,75933.02,2.40984,75933.01,1.04517,75933.03,0.00071,75933.0,0.00604,75933.17,0.00014,75932.81,0.00014,75933.18,0.04515,75932.8,0.00007,75933.2,0.00014,75932.34,0.00235,75933.21,0.12736,75932.0,0.0012,75933.45,0.00014,75931.95,0.00007,75933.46,0.04014,75931.84,0.00197,75933.5,0.003,75930.96,0.00014,75934.22,0.00007,75930.95,0.00015
1777502558763,75933.02,2.4079,75933.01,1.04524,75933.03,0.00078,75933.0,0.00604,75933.17,0.00014,75932.81,0.00014,75933.18,0.04515,75932.8,0.00007,75933.2,0.00014,75932.34,0.00235,75933.21,0.12736,75932.0,0.0012,75933.45,0.00014,75931.95,0.00007,75933.46,0.04014,75931.84,0.00197,75933.5,0.003,75930.95,0.00015,75934.22,0.00007,75930.7,0.00314
1777502558864,75933.02,2.40797,75933.01,1.04482,75933.03,0.00078,75933.0,0.00604,75933.17,0.00014,75932.81,0.00014,75933.18,0.04515,75932.8,0.00007,75933.2,0.00014,75932.34,0.00235,75933.21,0.12736,75932.0,0.0012,75933.45,0.00014,75931.95,0.00007,75933.46,0.04014,75931.84,0.00197,75934.22,0.00007,75930.95,0.00008,75934.74,2.0517,75930.7,0.00314
1777502558965,75933.02,2.40783,75933.01,1.04489,75933.03,0.00071,75933.0,0.00604,75933.17,0.00014,75932.81,0.00014,75933.18,0.04515,75932.8,0.00007,75933.2,0.00014,75932.34,0.00235,75933.21,0.12743,75932.0,0.0012,75933.45,0.00014,75931.95,0.00007,75933.46,0.04014,75931.84,0.00197,75934.22,0.00007,75930.95,0.00008,75934.72,0.00007,75930.7,0.00314
1777502559064,75933.02,2.40783,75933.01,0.98843,75933.03,0.00071,75933.0,0.00604,75933.17,0.00014,75932.81,0.00014,75933.18,0.04515,75932.8,0.00007,75933.2,0.00014,75932.34,0.00235,75933.21,0.12743,75932.0,0.0012,75933.45,0.00014,75931.95,0.00007,75933.46,0.04014,75931.84,0.00197,75934.22,0.00007,75930.95,0.00008,75934.72,0.00014,75930.7,0.00314
1777502559164,75933.02,2.40783,75933.01,0.98829,75933.03,0.00071,75933.0,0.00604,75933.17,0.00014,75932.81,0.00014,75933.18,0.04515,75932.8,0.00007,75933.2,0.00014,75932.34,0.00235,75933.21,0.12743,75932.0,0.0012,75933.45,0.00014,75931.95,0.00007,75933.46,0.04014,75931.84,0.00197,75934.22,0.00007,75930.95,0.00008,75934.72,0.00014,75930.7,0.00314
1777502559264,75933.02,2.4079,75933.01,0.98829,75933.03,0.00071,75933.0,0.00604,75933.15,0.00007,75932.81,0.00014,75933.16,0.06001,75932.8,0.00007,75933.18,0.00014,75932.34,0.00235,75933.2,0.00014,75932.0,0.0012,75933.21,0.12743,75931.95,0.00007,75933.45,0.00014,75931.84,0.00197,75933.46,0.04014,75930.95,0.00008,75934.22,0.00007,75930.7,0.00314
1777502559364,75933.02,2.4079,75933.01,0.98817,75933.03,0.00071,75933.0,0.00604,75933.15,0.00014,75932.81,0.00014,75933.16,0.06015,75932.8,0.00007,75933.2,0.00014,75932.34,0.00235,75933.21,0.12743,75932.0,0.0012,75933.45,0.00014,75931.95,0.00007,75933.46,0.04014,75931.84,0.00197,75934.72,0.00022,75930.95,0.00008,75934.73,0.65878,75930.7,0.00314
1777502559464,75933.02,2.4079,75933.01,0.98831,75933.03,0.00071,75933.0,0.00604,75933.15,0.00014,75932.81,0.00014,75933.16,0.06015,75932.8,0.00007,75933.2,0.00014,75932.34,0.00235,75933.21,0.12743,75932.0,0.0012,75933.45,0.00014,75931.95,0.00007,75933.46,0.04014,75931.84,0.00197,75934.72,0.00022,75930.95,0.00008,75934.73,0.65878,75930.7,0.00314
1777502559564,75933.02,2.40035,75933.01,0.98866,75933.03,0.00071,75933.0,0.00604,75933.15,0.00014,75932.81,0.00014,75933.16,0.06015,75932.8,0.00007,75933.2,0.00014,75932.34,0.00235,75933.21,0.12743,75932.0,0.0012,75933.45,0.00014,75931.95,0.00007,75933.46,0.04014,75931.84,0.00197,75934.72,0.1417,75930.95,0.00008,75934.73,0.65878,75930.7,0.00314
1777502559664,75933.02,2.40035,75933.01,0.98859,75933.03,0.00078,75933.0,0.00604,75933.15,0.00014,75932.81,0.00014,75933.16,0.06015,75932.8,0.00007,75933.2,0.00014,75932.34,0.00235,75933.21,0.1275,75932.0,0.0012,75933.45,0.00014,75931.95,0.00007,75933.46,0.04014,75931.84,0.00197,75934.72,0.14184,75930.95,0.00008,75934.73,0.65871,75930.7,0.00314
1777502559764,75933.02,2.40028,75933.01,0.98817,75933.03,0.00071,75933.0,0.00604,75933.15,0.00014,75932.81,0.00014,75933.16,0.06015,75932.8,0.00007,75933.2,0.00014,75932.34,0.00235,75933.21,0.1275,75932.0,0.0012,75933.45,0.00014,75931.95,0.00007,75933.46,0.04014,75931.84,0.00197,75934.72,0.00036,75930.95,0.00008,75934.73,0.65878,75930.7,0.00314
1777502559864,75933.02,2.40028,75933.01,0.98873,75933.03,0.00071,75933.0,0.00604,75933.15,0.00014,75932.81,0.00014,75933.16,0.06015,75932.8,0.00007,75933.2,0.00014,75932.34,0.00235,75933.21,0.1275,75932.0,0.0012,75933.45,0.00014,75931.95,0.00007,75933.46,0.04014,75931.84,0.00197,75934.72,0.1417,75930.95,0.00008,75934.73,0.65871,75930.7,0.00314
1777502559964,75933.02,2.40035,75933.01,0.98817,75933.03,0.00078,75933.0,0.00604,75933.15,0.00014,75932.81,0.00014,75933.16,0.06015,75932.8,0.00007,75933.2,0.00014,75932.34,0.00235,75933.21,0.1275,75932.0,0.0012,75933.45,0.00014,75931.95,0.00007,75933.46,0.04014,75931.84,0.00197,75934.71,0.00007,75930.95,0.00008,75934.72,0.00036,75930.7,0.00314
1777502560064,75933.02,2.40028,75933.01,0.98817,75933.03,0.00071,75933.0,0.00604,75933.15,0.00014,75932.81,0.00014,75933.16,0.06015,75932.8,0.00007,75933.2,0.00014,75932.34,0.00235,75933.21,0.1275,75932.0,0.0012,75933.45,0.00014,75931.95,0.00007,75933.46,0.04014,75931.84,0.00197,75934.72,0.00022,75930.95,0.00008,75934.73,0.65878,75930.7,0.00314
1777502560166,75933.02,2.40028,75933.01,0.98824,75933.03,0.00071,75933.0,0.00604,75933.15,0.00014,75932.81,0.00014,75933.16,0.06015,75932.8,0.00007,75933.2,0.00014,75932.34,0.00235,75933.21,0.1275,75932.0,0.0012,75933.45,0.00014,75931.95,0.00007,75933.46,0.04014,75931.84,0.00197,75934.72,0.00022,75930.95,0.00008,75934.73,0.65878,75930.7,0.00314
1777502560264,75933.02,1.92567,75933.01,0.98912,75933.03,0.00071,75933.0,0.00604,75933.15,0.00014,75932.81,0.00014,75933.16,0.06015,75932.8,0.00007,75933.2,0.09539,75932.34,0.00235,75933.21,0.1275,75932.0,0.0012,75933.45,0.00014,75931.95,0.00007,75933.46,0.04014,75931.84,0.00197,75934.72,0.00014,75931.6,0.003,75934.73,0.00022,75930.95,0.17152
1777502560364,75933.02,1.46104,75933.01,0.98407,75933.03,0.00078,75933.0,0.00604,75933.15,0.00014,75932.81,0.00014,75933.16,0.06022,75932.8,0.00007,75933.19,0.00014,75932.34,0.00235,75933.2,0.09553,75932.0,0.0012,75933.21,0.1275,75931.95,0.00007,75933.45,0.00014,75931.84,0.00197,75933.46,0.04014,75931.6,0.003,75934.72,0.14148,75930.95,0.00029
1777502560464,75933.02,1.29873,75933.01,0.98996,75933.03,0.00071,75933.0,0.00611,75933.15,0.00014,75932.81,0.00014,75933.16,0.06022,75932.8,0.00007,75933.19,0.00014,75932.34,0.00235,75933.2,0.15051,75932.0,0.0012,75933.21,0.1275,75931.95,0.00007,75933.45,0.00014,75931.84,0.00197,75933.46,0.04014,75931.6,0.003,75934.72,0.14162,75930.95,0.00008
1777502560564,75933.02,1.51023,75933.01,1.05413,75933.03,0.00071,75933.0,0.00611,75933.15,0.00014,75932.81,0.00014,75933.16,0.06022,75932.8,0.00007,75933.19,0.00014,75932.34,0.00235,75933.2,0.15051,75932.0,0.0012,75933.21,0.1275,75931.95,0.00007,75933.45,0.00014,75931.84,0.00197,75933.46,0.04014,75931.6,0.003,75934.0,0.08117,75930.95,0.00008
1777502560664,75933.02,1.5099,75933.01,1.05427,75933.03,0.00085,75933.0,0.00611,75933.15,0.00014,75932.81,0.00014,75933.16,0.06022,75932.8,0.00007,75933.19,0.00014,75932.34,0.00235,75933.2,0.15051,75932.0,0.0012,75933.21,0.12757,75931.95,0.00007,75933.45,0.00014,75931.84,0.00197,75933.46,0.04014,75931.6,0.003,75933.99,0.00007,75930.95,0.00008
1777502560764,75933.02,1.51038,75933.01,0.99031,75933.03,0.00085,75933.0,0.00611,75933.15,0.00014,75932.81,0.00014,75933.16,0.06022,75932.8,0.00007,75933.19,0.00014,75932.34,0.00235,75933.2,0.15051,75932.0,0.0012,75933.21,0.12757,75931.95,0.00007,75933.45,0.00014,75931.84,0.00197,75933.46,0.04014,75931.6,0.003,75933.99,0.00007,75930.95,0.00008
1777502560865,75933.02,1.51038,75933.01,1.06723,75933.03,0.00085,75933.0,0.00611,75933.15,0.00014,75932.81,0.00014,75933.16,0.06022,75932.8,0.00007,75933.19,0.00014,75932.34,0.00235,75933.2,0.15051,75932.0,0.0012,75933.21,0.12757,75931.95,0.00007,75933.45,0.00014,75931.84,0.00197,75933.46,0.04014,75931.6,0.003,75933.99,0.00007,75930.95,0.00008
1777502560965,75933.02,1.51038,75933.01,1.06716,75933.03,0.00085,75933.0,0.00611,75933.15,0.00014,75932.81,0.00014,75933.16,0.06022,75932.8,0.00007,75933.19,0.00014,75932.34,0.00235,75933.2,0.15051,75932.0,0.0012,75933.21,0.12757,75931.95,0.00007,75933.45,0.00014,75931.84,0.00197,75933.46,0.04014,75931.6,0.003,75933.99,0.00007,75930.95,0.00008
1777502561065,75933.02,1.51038,75933.01,1.06134,75933.03,0.00085,75933.0,0.00611,75933.15,0.00014,75932.81,0.00014,75933.16,0.06022,75932.8,0.00007,75933.19,0.00014,75932.34,0.00235,75933.2,0.15051,75932.0,0.0012,75933.21,0.12757,75931.95,0.00007,75933.45,0.00014,75931.84,0.00197,75933.46,0.04014,75931.6,0.003,75933.99,0.00007,75930.95,0.00008
1777502561164,75933.02,1.51031,75933.01,1.06134,75933.03,0.00078,75933.0,0.00611,75933.15,0.00014,75932.81,0.00014,75933.16,0.06022,75932.8,0.00007,75933.19,0.00014,75932.34,0.00235,75933.2,0.15051,75932.0,0.0012,75933.21,0.12757,75931.95,0.00007,75933.46,0.00014,75931.84,0.00197,75933.99,0.00014,75931.6,0.003,75934.0,0.08131,75930.95,0.00008
1777502561264,75933.02,1.51031,75933.01,1.06134,75933.03,0.00078,75933.0,0.00611,75933.15,0.00014,75932.81,0.00014,75933.16,0.06022,75932.8,0.00007,75933.19,0.00022,75932.34,0.00235,75933.2,0.15051,75932.0,0.0012,75933.21,0.12757,75931.95,0.00007,75933.99,0.00014,75931.84,0.00197,75934.0,0.08131,75931.6,0.003,75934.02,0.00541,75930.95,0.00008
1777502561364,75933.02,1.29859,75933.01,1.06116,75933.03,0.00078,75933.0,0.00611,75933.15,0.00014,75932.81,0.00014,75933.16,0.06022,75932.8,0.00007,75933.19,0.00022,75932.34,0.00235,75933.2,0.15051,75932.0,0.0012,75933.21,0.1275,75931.95,0.00007,75933.99,0.00014,75931.84,0.00197,75934.0,0.08131,75931.6,0.003,75934.02,0.00541,75930.95,0.00008
1777502561464,75933.02,0.31768,75933.01,1.74155,75933.03,0.00071,75933.0,0.00028,75933.15,0.00014,75932.81,0.00014,75933.16,0.06022,75932.8,0.00007,75933.19,0.00008,75932.34,0.00235,75933.2,0.00014,75932.0,0.0012,75933.21,0.00035,75931.95,0.00007,75934.0,0.00021,75931.84,0.00197,75934.02,0.00014,75931.6,0.003,75934.22,0.00007,75930.96,0.20414
1777502561572,75933.02,0.03502,75933.01,2.05534,75933.03,0.00071,75933.0,0.00014,75933.15,0.00014,75932.81,0.00014,75933.16,0.06022,75932.8,0.00007,75933.19,0.00008,75932.34,0.00235,75933.21,0.00021,75932.26,0.04886,75934.0,0.00007,75932.0,0.0012,75934.22,0.00007,75931.95,0.00007,75934.71,0.00008,75931.84,0.00197,75934.75,0.00007,75931.6,0.003
1777502561664,75933.16,0.02456,75933.15,3.32328,75933.17,0.00063,75933.14,0.00022,75933.19,0.00008,75933.02,4.19768,75933.21,0.00021,75933.01,0.41571,75934.0,0.00007,75932.81,0.00014,75934.22,0.00007,75932.8,0.00007,75934.71,0.00008,75932.34,0.00235,75934.75,0.00007,75932.26,0.049,75934.76,0.00007,75932.0,0.0012,75934.78,0.00014,75931.95,0.00007
1777502561764,75934.0,0.06177,75933.99,3.18634,75934.01,0.00063,75933.98,0.00022,75934.22,0.00007,75933.2,1.82748,75934.71,0.00008,75933.16,0.25952,75934.75,0.00007,75933.15,0.30753,75934.76,0.00007,75933.02,2.35027,75934.78,0.00014,75933.01,0.30177,75934.98,0.00007,75932.81,0.00014,75935.07,0.00007,75932.8,0.00007,75936.3,0.00015,75932.34,0.00235
1777502561864,75934.0,0.00155,75933.99,3.26051,75934.01,0.00063,75933.98,0.00022,75934.22,0.00007,75933.5,0.003,75934.71,0.00008,75933.22,1.3631,75934.75,0.00007,75933.21,0.13732,75934.76,0.00007,75933.2,0.00014,75934.78,0.00014,75933.16,0.25966,75934.98,0.00007,75933.15,0.06007,75935.07,0.00007,75933.02,2.35027,75936.0,0.00748,75933.01,0.30161
1777502561964,75934.0,0.00183,75933.99,3.26088,75934.01,0.00091,75933.98,0.00022,75934.22,0.00007,75933.5,0.003,75934.71,0.00008,75933.23,0.13739,75934.75,0.00007,75933.22,0.93579,75934.76,0.00007,75933.16,0.25966,75934.78,0.00014,75933.15,0.06007,75934.98,0.00007,75933.02,2.35027,75935.07,0.00007,75933.01,0.09004,75936.0,0.00762,75932.81,0.00014
1777502562064,75934.0,0.00176,75933.99,3.36597,75934.01,0.00084,75933.98,0.00022,75934.21,0.00014,75933.5,0.003,75934.22,0.04182,75933.23,0.13739,75934.71,0.00008,75933.22,0.7653,75934.75,0.00007,75933.16,0.25966,75934.76,0.00007,75933.15,0.04757,75934.78,0.00014,75933.02,2.35027,75934.98,0.00007,75933.01,0.08992,75935.07,0.00007,75932.81,0.00014
1777502562164,75934.0,0.00514,75933.99,3.36597,75934.01,0.00063,75933.98,0.00022,75934.21,0.00014,75933.5,0.003,75934.22,0.04196,75933.23,0.13753,75934.71,0.00008,75933.22,0.7653,75934.75,0.00007,75933.16,0.25966,75934.76,0.00007,75933.15,0.04757,75934.78,0.00014,75933.02,2.35027,75934.98,0.00007,75933.01,0.08992,75935.07,0.00007,75932.81,0.00014
1777502562275,75934.0,0.03452,75933.99,3.31639,75934.01,0.0007,75933.98,0.00022,75934.21,0.00022,75933.5,0.003,75934.22,0.04196,75933.23,0.13753,75934.75,0.00007,75933.22,0.7653,75934.76,0.00007,75933.16,0.25966,75934.78,0.00014,75933.15,0.04757,75934.98,0.00007,75933.02,2.3504,75935.07,0.00007,75933.01,0.08978,75935.39,0.0001,75932.81,0.00014
1777502562364,75934.0,0.03445,75933.99,3.31649,75934.01,0.00063,75933.98,0.00022,75934.21,0.00022,75933.5,0.003,75934.22,0.04196,75933.23,0.13753,75934.75,0.00007,75933.22,0.7653,75934.76,0.00007,75933.16,0.25966,75934.78,0.00007,75933.15,0.04757,75934.98,0.00007,75933.02,2.3504,75935.39,0.0001,75933.01,0.08978,75936.0,0.00762,75932.81,0.00014
1777502562465,75934.0,0.29612,75933.99,3.31649,75934.01,0.0007,75933.98,0.00022,75934.21,0.00022,75933.5,0.003,75934.22,0.04196,75933.23,0.00021,75934.75,0.00007,75933.22,0.7653,75934.76,0.00007,75933.16,0.25966,75934.78,0.00007,75933.15,0.04757,75934.98,0.00007,75933.02,2.3504,75935.39,0.0001,75933.01,0.08978,75936.0,0.00762,75932.81,0.00014
1777502562564,75934.0,0.30936,75933.99,3.31649,75934.01,0.0007,75933.98,0.00022,75934.21,0.00022,75933.5,0.003,75934.22,0.04196,75933.23,0.00007,75934.75,0.00007,75933.22,0.76544,75934.76,0.00007,75933.16,0.25966,75934.78,0.00007,75933.15,0.04757,75934.98,0.00007,75933.02,2.3504,75935.39,0.0001,75933.01,0.08978,75936.0,0.00762,75932.81,0.00014
1777502562664,75934.0,0.30936,75933.99,3.31649,75934.01,0.00077,75933.98,0.00022,75934.21,0.00022,75933.5,0.003,75934.22,0.04189,75933.23,0.00007,75934.75,0.00007,75933.22,0.76544,75934.76,0.00007,75933.16,0.25966,75934.78,0.00007,75933.15,0.04757,75935.39,0.0001,75933.02,2.3504,75936.0,0.00762,75933.01,0.08978,75936.06,0.00498,75932.81,0.00014
1777502562764,75934.0,0.3095,75933.99,3.31649,75934.01,0.00077,75933.98,0.00022,75934.21,0.00022,75933.5,0.003,75934.22,0.04189,75933.23,0.00007,75934.75,0.00007,75933.22,0.76544,75934.76,0.00007,75933.16,0.25966,75934.78,0.00007,75933.15,0.04757,75935.39,0.0001,75933.02,2.3504,75936.0,0.00762,75933.01,0.08978,75936.06,0.00498,75932.81,0.00014
1777502562864,75934.0,0.30957,75933.99,3.31649,75934.01,0.00077,75933.98,0.00022,75934.21,0.00022,75933.5,0.003,75934.22,0.04189,75933.23,0.00007,75934.75,0.00007,75933.22,0.76544,75934.76,0.00007,75933.16,0.25958,75934.78,0.00007,75933.15,0.04757,75935.39,0.0001,75933.02,2.3504,75936.0,0.00762,75933.01,0.08978,75936.06,0.00498,75932.81,0.00014
1777502562965,75934.0,0.30957,75933.99,3.30991,75934.01,0.00077,75933.98,0.00022,75934.21,0.00022,75933.5,0.003,75934.22,0.04189,75933.23,0.00021,75934.75,0.00007,75933.22,0.76544,75934.76,0.00007,75933.17,0.00014,75934.78,0.00007,75933.16,0.25972,75935.39,0.0001,75933.15,0.04757,75935.99,0.14908,75933.03,0.00014,75936.0,0.00762,75933.02,2.3504
1777502563065,75934.0,0.31582,75933.99,3.30991,75934.01,0.00077,75933.98,0.00022,75934.21,0.00022,75933.5,0.003,75934.22,0.04189,75933.23,0.00021,75934.75,0.00007,75933.22,0.76544,75934.76,0.00007,75933.17,0.00014,75934.78,0.00007,75933.16,0.25972,75935.39,0.0001,75933.15,0.04757,75935.98,0.00014,75933.03,0.00014,75935.99,0.14929,75933.02,2.3504
1777502563164,75934.0,0.31568,75933.99,3.30991,75934.01,0.00077,75933.98,0.00022,75934.21,0.00022,75933.5,0.003,75934.22,0.04189,75933.23,0.00021,75934.75,0.00007,75933.22,0.76544,75934.76,0.00007,75933.17,0.00014,75934.78,0.00007,75933.16,0.25972,75935.39,0.0001,75933.15,0.04757,75935.98,0.00014,75933.03,0.00014,75935.99,0.14929,75933.02,2.3504
1777502563264,75934.0,0.31568,75933.99,3.30991,75934.01,0.00077,75933.98,0.00022,75934.21,0.00014,75933.5,0.003,75934.22,0.04189,75933.23,0.00021,75934.75,0.00007,75933.22,0.76544,75934.76,0.00007,75933.17,0.00014,75934.78,0.00007,75933.16,0.25972,75935.39,0.0001,75933.15,0.04757,75935.98,0.00022,75933.03,0.00014,75935.99,0.14929,75933.02,2.3504
1777502563364,75934.0,0.31568,75933.99,3.30991,75934.01,0.00077,75933.98,0.00022,75934.21,0.00014,75933.5,0.003,75934.22,0.04189,75933.23,0.00021,75934.75,0.00007,75933.22,0.76544,75934.76,0.00007,75933.17,0.00014,75934.78,0.00007,75933.16,0.25972,75935.39,0.0001,75933.15,0.04757,75935.98,0.13609,75933.03,0.00014,75935.99,0.14929,75933.02,2.3504
1777502563464,75934.0,0.31576,75933.99,3.30949,75934.01,0.00077,75933.98,0.00022,75934.21,0.00014,75933.5,0.003,75934.22,0.04189,75933.23,0.00021,75934.75,0.00007,75933.22,0.76544,75934.76,0.00007,75933.17,0.00014,75934.78,0.00007,75933.16,0.25972,75935.39,0.0001,75933.15,0.04757,75935.97,0.00014,75933.03,0.00014,75935.98,0.13609,75933.02,2.3504
1777502563564,75934.0,0.31569,75933.99,3.30949,75934.01,0.00077,75933.98,0.00022,75934.21,0.00014,75933.5,0.003,75934.22,0.04189,75933.23,0.00021,75934.75,0.00007,75933.22,0.76544,75934.76,0.00007,75933.17,0.00014,75934.78,0.00007,75933.16,0.25972,75935.39,0.0001,75933.15,0.04757,75935.97,0.00014,75933.03,0.00014,75935.98,0.13609,75933.02,2.3504
1777502563664,75934.0,0.31069,75933.99,3.33058,75934.01,0.00077,75933.98,0.00022,75934.21,0.00014,75933.5,0.003,75934.22,0.04189,75933.23,0.00021,75934.75,0.00007,75933.22,0.76544,75934.76,0.00007,75933.17,0.00014,75934.78,0.00007,75933.16,0.25972,75935.39,0.0001,75933.15,0.04757,75935.97,0.00014,75933.03,0.00014,75935.98,0.13609,75933.02,2.3504
1777502563764,75934.0,0.31069,75933.99,3.33058,75934.01,0.00077,75933.98,0.00022,75934.21,0.00014,75933.5,0.003,75934.22,0.04189,75933.23,0.00021,75934.75,0.00007,75933.22,0.76544,75934.76,0.00007,75933.17,0.00014,75934.78,0.00007,75933.16,0.25972,75935.39,0.0001,75933.15,0.04757,75935.97,0.00014,75933.03,0.00014,75935.98,0.13609,75933.02,2.3504
1777502563864,75934.0,0.31069,75933.99,3.33058,75934.01,0.00077,75933.98,0.00022,75934.21,0.00014,75933.5,0.003,75934.22,0.04189,75933.23,0.00021,75934.75,0.00007,75933.22,0.76544,75934.76,0.00007,75933.17,0.00014,75934.78,0.00007,75933.16,0.25972,75935.39,0.0001,75933.15,0.04757,75935.97,0.00014,75933.03,0.00014,75935.98,0.13609,75933.02,2.3504
1777502563964,75934.0,0.31069,75933.99,3.33058,75934.01,0.00077,75933.98,0.00022,75934.21,0.00014,75933.5,0.003,75934.22,0.04189,75933.23,0.00021,75934.75,0.00007,75933.22,0.76544,75934.76,0.00007,75933.17,0.00014,75934.78,0.00007,75933.16,0.25972,75935.39,0.0001,75933.15,0.04757,75935.97,0.00014,75933.03,0.00014,75935.98,0.00022,75933.02,2.3504
1777502564064,75934.0,0.30435,75933.99,3.33065,75934.01,0.00085,75933.98,0.00022,75934.21,0.00014,75933.5,0.003,75934.22,0.04189,75933.23,0.00021,75934.75,0.00007,75933.22,0.76544,75934.76,0.00007,75933.17,0.00014,75934.78,0.00007,75933.16,0.25972,75935.39,0.0001,75933.15,0.04757,75935.99,0.00007,75933.03,0.00014,75936.0,0.00762,75933.02,2.3504
1777502564164,75934.0,0.30435,75933.99,3.33065,75934.01,0.00085,75933.98,0.00022,75934.21,0.00014,75933.5,0.003,75934.22,0.04189,75933.23,0.00021,75934.75,0.00007,75933.22,0.76544,75934.76,0.00007,75933.17,0.00014,75934.78,0.00007,75933.16,0.25972,75935.39,0.0001,75933.15,0.04757,75935.99,0.00007,75933.03,0.00014,75936.0,0.00762,75933.02,2.3504
1777502564264,75934.0,0.30442,75933.99,3.33065,75934.01,0.00085,75933.98,0.00022,75934.21,0.00014,75933.5,0.003,75934.22,0.04189,75933.23,0.00021,75934.75,0.00007,75933.22,0.76544,75934.76,0.00007,75933.17,0.00014,75934.78,0.00007,75933.16,0.25972,75935.39,0.0001,75933.15,0.04757,75935.99,0.00007,75933.03,0.00014,75936.0,0.00762,75933.02,2.3504
1777502564364,75934.0,0.30949,75933.99,3.33065,75934.01,0.00085,75933.98,0.00022,75934.21,0.00014,75933.5,0.003,75934.22,0.04189,75933.23,0.00021,75934.75,0.00007,75933.22,0.76544,75934.76,0.00007,75933.17,0.00014,75934.78,0.00007,75933.16,0.25972,75935.39,0.0001,75933.15,0.04757,75936.0,0.00762,75933.03,0.00014,75936.06,0.00498,75933.02,2.3504
1777502564465,75934.0,0.31313,75933.99,3.33072,75934.01,0.00085,75933.98,0.00022,75934.21,0.00014,75933.5,0.003,75934.22,0.04189,75933.23,0.00021,75934.75,0.00007,75933.22,0.76544,75934.76,0.00007,75933.17,0.00014,75934.78,0.00007,75933.16,0.25972,75935.39,0.0001,75933.15,0.04757,75936.0,0.00762,75933.03,0.00014,75936.06,0.00498,75933.02,2.3504
1777502564566,75934.0,0.30813,75933.99,3.33072,75934.01,0.00085,75933.98,0.00022,75934.21,0.00014,75933.5,0.003,75934.22,0.04189,75933.23,0.00021,75934.75,0.00007,75933.22,0.76544,75934.76,0.00007,75933.17,0.00014,75934.78,0.00007,75933.16,0.25972,75935.39,0.0001,75933.15,0.04757,75936.0,0.00762,75933.03,0.00014,75936.06,0.00498,75933.02,2.3504
1777502564664,75934.0,0.31313,75933.99,3.32882,75934.01,0.00085,75933.98,0.00022,75934.21,0.00014,75933.5,0.003,75934.22,0.04189,75933.23,0.00021,75934.75,0.00007,75933.22,0.76544,75934.76,0.00007,75933.17,0.00014,75934.78,0.00007,75933.16,0.25972,75935.39,0.0001,75933.15,0.04757,75936.0,0.00762,75933.03,0.00014,75936.06,0.00498,75933.02,2.3504
1777502564764,75934.0,0.31313,75933.99,3.32882,75934.01,0.00085,75933.98,0.00022,75934.21,0.00014,75933.5,0.003,75934.22,0.04189,75933.23,0.00021,75934.75,0.00007,75933.22,0.76544,75934.76,0.00007,75933.17,0.00014,75934.78,0.00007,75933.16,0.25972,75935.39,0.0001,75933.15,0.04757,75936.0,0.00762,75933.03,0.00014,75936.06,0.00498,75933.02,2.3504
1777502564864,75934.0,0.30813,75933.99,3.32554,75934.01,0.00085,75933.98,0.00022,75934.21,0.00014,75933.5,0.003,75934.22,0.04189,75933.23,0.00021,75934.75,0.00007,75933.22,0.76544,75934.76,0.00007,75933.17,0.00014,75934.78,0.00007,75933.16,0.25972,75935.39,0.0001,75933.15,0.04757,75936.0,0.00762,75933.03,0.00014,75936.06,0.00498,75933.02,2.3504
1777502564964,75934.0,0.3082,75933.99,3.32554,75934.01,0.00085,75933.98,0.00022,75934.21,0.00014,75933.5,0.003,75934.22,0.04189,75933.23,0.00021,75934.75,0.00007,75933.22,0.76544,75934.76,0.00007,75933.17,0.00014,75934.78,0.00007,75933.16,0.25972,75935.39,0.0001,75933.15,0.04757,75936.0,0.00762,75933.03,0.00014,75936.06,0.00498,75933.02,2.3504
1777502565064,75934.0,0.30806,75933.99,3.32554,75934.01,0.00078,75933.98,0.00022,75934.21,0.00014,75933.5,0.003,75934.22,0.04189,75933.23,0.00021,75934.75,0.00007,75933.22,0.76544,75934.76,0.00007,75933.17,0.00014,75934.78,0.00007,75933.16,0.25972,75935.39,0.0001,75933.15,0.04757,75936.0,0.00762,75933.03,0.00014,75936.06,0.00498,75933.02,2.3504
1777502565164,75934.0,0.31575,75933.99,3.32554,75934.01,0.00085,75933.98,0.00022,75934.21,0.00014,75933.5,0.003,75934.22,0.04189,75933.23,0.00021,75934.75,0.00007,75933.22,0.76544,75934.76,0.00007,75933.17,0.00014,75934.78,0.00007,75933.16,0.25972,75935.39,0.0001,75933.15,0.04757,75936.0,0.00762,75933.03,0.00014,75936.06,0.00498,75933.02,2.3504
1777502565264,75934.0,0.31575,75933.99,3.32554,75934.01,0.00085,75933.98,0.00022,75934.21,0.00014,75933.5,0.003,75934.22,0.04189,75933.23,0.00021,75934.75,0.00007,75933.22,0.76544,75934.76,0.00007,75933.17,0.00014,75934.78,0.00007,75933.16,0.25972,75935.39,0.0001,75933.15,0.04757,75936.0,0.00762,75933.03,0.00014,75936.06,0.00498,75933.02,2.3504
1777502565364,75934.0,0.31582,75933.99,3.32535,75934.01,0.00085,75933.98,0.00022,75934.21,0.00014,75933.5,0.003,75934.22,0.04189,75933.23,0.00021,75934.75,0.00007,75933.22,0.76544,75934.76,0.00007,75933.17,0.00014,75934.78,0.00007,75933.16,0.25972,75935.39,0.0001,75933.15,0.04757,75936.0,0.00762,75933.03,0.00014,75936.06,0.00498,75933.02,2.3504
1777502565464,75934.0,0.31589,75933.99,3.32535,75934.01,0.00085,75933.98,0.00022,75934.21,0.00014,75933.5,0.003,75934.22,0.04189,75933.23,0.00021,75934.75,0.00007,75933.22,0.76544,75934.76,0.00007,75933.17,0.00014,75934.78,0.00007,75933.16,0.25972,75935.39,0.0001,75933.15,0.04757,75936.0,0.00762,75933.03,0.00014,75936.06,0.00498,75933.02,2.3504
1777502565565,75934.0,0.31089,75933.99,3.32732,75934.01,0.00085,75933.98,0.00022,75934.21,0.00014,75933.5,0.003,75934.22,0.04189,75933.23,0.00021,75934.75,0.00007,75933.22,0.76544,75934.76,0.00007,75933.17,0.00014,75934.78,0.00007,75933.16,0.25972,75935.39,0.0001,75933.15,0.04757,75936.0,0.00762,75933.03,0.00014,75936.06,0.00498,75933.02,2.3504
1777502565664,75934.0,0.31082,75933.99,3.32732,75934.01,0.00078,75933.98,0.00022,75934.21,0.00014,75933.5,0.003,75934.22,0.04189,75933.23,0.00021,75934.75,0.00007,75933.22,0.76544,75934.76,0.00007,75933.17,0.00014,75934.78,0.00007,75933.16,0.25972,75935.39,0.0001,75933.15,0.04757,75936.0,0.00762,75933.03,0.00014,75936.06,0.00498,75933.02,2.3504
1777502565766,75934.0,0.31596,75933.99,3.32074,75934.01,0.00085,75933.98,0.00022,75934.21,0.00014,75933.5,0.003,75934.22,0.04189,75933.23,0.00021,75934.75,0.00007,75933.22,0.76544,75934.76,0.00007,75933.17,0.00014,75934.78,0.00007,75933.16,0.25972,75935.39,0.0001,75933.15,0.04757,75935.98,0.00014,75933.03,0.00014,75935.99,0.15851,75933.02,2.3504
1777502565864,75934.0,0.31082,75933.99,3.32074,75934.01,0.00078,75933.98,0.00022,75934.21,0.00014,75933.5,0.003,75934.22,0.04189,75933.23,0.00021,75934.75,0.00007,75933.22,0.76544,75934.76,0.00007,75933.17,0.00014,75934.78,0.00007,75933.16,0.25972,75935.39,0.0001,75933.15,0.04757,75935.98,0.00014,75933.03,0.00014,75935.99,0.15865,75933.02,2.3504
1777502565964,75934.0,0.31575,75933.99,3.22156,75934.01,0.00078,75933.98,0.00022,75934.21,0.00014,75933.5,0.003,75934.22,0.04189,75933.23,0.00021,75934.75,0.00007,75933.22,0.76544,75934.76,0.00007,75933.17,0.00014,75934.78,0.00007,75933.16,0.25972,75935.39,0.0001,75933.15,0.04757,75935.98,0.00014,75933.03,0.00014,75935.99,0.15865,75933.02,2.3504
1777502566065,75934.0,0.31003,75933.99,3.22156,75934.01,0.00078,75933.98,0.00022,75934.21,0.00014,75933.5,0.003,75934.22,0.04189,75933.23,0.00021,75934.75,0.00007,75933.22,0.76544,75934.76,0.00007,75933.17,0.00014,75934.78,0.00007,75933.16,0.25972,75935.39,0.0001,75933.15,0.04757,75935.98,0.00014,75933.03,0.00014,75935.99,0.15865,75933.02,2.3504
1777502566166,75934.0,0.30996,75933.99,3.22156,75934.01,0.00078,75933.98,0.00022,75934.21,0.00014,75933.5,0.003,75934.22,0.04189,75933.23,0.00021,75934.75,0.00007,75933.22,0.76544,75934.76,0.00007,75933.17,0.00014,75934.78,0.00007,75933.16,0.25972,75935.39,0.0001,75933.15,0.04757,75935.98,0.00022,75933.03,0.00014,75935.99,0.15865,75933.02,2.3504
1777502566265,75934.0,0.30996,75933.99,3.22156,75934.01,0.00078,75933.98,0.00022,75934.21,0.00014,75933.5,0.003,75934.22,0.04189,75933.23,0.00021,75934.75,0.00007,75933.22,0.76544,75934.76,0.00007,75933.17,0.00014,75934.78,0.00007,75933.16,0.25972,75935.39,0.0001,75933.15,0.04757,75935.98,0.00022,75933.03,0.00014,75935.99,0.15865,75933.02,2.3504
1777502566364,75934.0,0.30496,75933.99,3.22156,75934.01,0.00078,75933.98,0.00022,75934.21,0.00014,75933.5,0.003,75934.22,0.04189,75933.23,0.00021,75934.75,0.00007,75933.22,0.76544,75934.76,0.00007,75933.17,0.00014,75934.78,0.00007,75933.16,0.25972,75935.39,0.0001,75933.15,0.04757,75935.98,0.00022,75933.03,0.00014,75935.99,0.15865,75933.02,2.3504
1777502566464,75934.0,0.30496,75933.99,3.22156,75934.01,0.00078,75933.98,0.00022,75934.21,0.00014,75933.5,0.003,75934.22,0.04189,75933.23,0.00021,75934.75,0.00007,75933.22,0.76544,75934.76,0.00007,75933.17,0.00014,75934.78,0.00007,75933.16,0.25972,75935.39,0.0001,75933.15,0.04757,75935.98,0.00022,75933.03,0.00014,75935.99,0.15865,75933.02,2.3504
1777502566564,75934.0,0.30996,75933.99,3.22156,75934.01,0.00078,75933.98,0.00022,75934.21,0.00014,75933.5,0.003,75934.22,0.04189,75933.23,0.00021,75934.75,0.00007,75933.22,0.76544,75934.76,0.00007,75933.17,0.00014,75934.78,0.00007,75933.16,0.25972,75935.39,0.0001,75933.15,0.04757,75935.98,0.00022,75933.03,0.00014,75935.99,0.15865,75933.02,2.3504
1777502566665,75934.0,0.30996,75933.99,3.22156,75934.01,0.00078,75933.98,0.00022,75934.21,0.00014,75933.5,0.003,75934.22,0.04189,75933.23,0.00021,75934.75,0.00007,75933.22,0.76544,75934.76,0.00007,75933.17,0.00014,75934.78,0.00007,75933.16,0.25972,75935.39,0.0001,75933.15,0.04757,75935.98,0.00022,75933.03,0.00014,75935.99,0.15865,75933.02,2.3504
1777502566764,75934.0,0.02244,75933.99,3.23472,75934.01,0.00078,75933.98,0.00022,75934.21,0.00014,75933.5,0.003,75934.22,0.04189,75933.23,0.1349,75934.75,0.00007,75933.22,0.76544,75934.76,0.00007,75933.16,0.25958,75934.78,0.00007,75933.15,0.04757,75935.39,0.0001,75933.02,2.3504,75935.98,0.00022,75933.01,0.08992,75935.99,0.00021,75932.81,0.00014
1777502566864,75934.0,0.02126,75933.99,3.23472,75934.01,0.00071,75933.98,0.00022,75934.21,0.00014,75933.5,0.003,75934.22,0.04189,75933.23,0.1349,75934.75,0.00007,75933.22,0.76544,75934.76,0.00007,75933.16,0.25958,75934.78,0.00007,75933.15,0.04757,75935.39,0.0001,75933.02,2.3504,75935.98,0.00008,75933.01,0.08992,75936.0,0.00762,75932.81,0.00014
1777502566964,75934.0,0.3121,75933.99,3.22814,75934.01,0.00078,75933.98,0.00022,75934.21,0.00014,75933.5,0.003,75934.22,0.04189,75933.23,0.00007,75934.75,0.00007,75933.22,0.76544,75934.76,0.00007,75933.16,0.25958,75934.78,0.00007,75933.15,0.04757,75935.39,0.0001,75933.02,2.3504,75935.98,0.00008,75933.01,0.08992,75936.0,0.00762,75932.81,0.00014
1777502567065,75934.0,0.31196,75933.99,3.22821,75934.01,0.00085,75933.98,0.00022,75934.21,0.00014,75933.5,0.003,75934.22,0.04189,75933.23,0.00007,75934.75,0.00007,75933.22,0.76544,75934.76,0.00007,75933.16,0.25958,75934.78,0.00007,75933.15,0.04757,75935.39,0.0001,75933.02,2.3504,75935.98,0.00008,75933.01,0.08992,75936.0,0.00762,75932.81,0.00014
1777502567164,75934.0,0.3132,75933.99,3.22821,75934.01,0.00085,75933.98,0.00022,75934.21,0.00022,75933.5,0.003,75934.22,0.04189,75933.23,0.00007,75934.75,0.00007,75933.22,0.76544,75934.76,0.00007,75933.16,0.25958,75934.78,0.00007,75933.15,0.04757,75935.39,0.0001,75933.02,2.3504,75936.0,0.00762,75933.01,0.08992,75936.06,0.00498,75932.81,0.00014
1777502567269,75934.0,0.31327,75933.99,3.22821,75934.01,0.00085,75933.98,0.00022,75934.21,0.00022,75933.5,0.003,75934.22,0.04189,75933.23,0.00007,75934.75,0.00007,75933.22,0.76544,75934.76,0.00007,75933.16,0.25958,75934.78,0.00007,75933.15,0.04757,75935.39,0.0001,75933.02,2.3504,75936.0,0.00762,75933.01,0.08992,75936.06,0.00498,75932.81,0.00014
1777502567364,75934.0,0.31327,75933.99,3.22821,75934.01,0.00085,75933.98,0.00022,75934.21,0.00022,75933.5,0.003,75934.22,0.04189,75933.23,0.00007,75934.75,0.00007,75933.22,0.76544,75934.76,0.00007,75933.16,0.25958,75934.78,0.00007,75933.15,0.04757,75935.39,0.0001,75933.02,2.3504,75936.0,0.00762,75933.01,0.08992,75936.06,0.00498,75932.81,0.00014
1777502567464,75934.0,0.31334,75933.99,3.22821,75934.01,0.00085,75933.98,0.00022,75934.21,0.00022,75933.5,0.003,75934.22,0.04189,75933.23,0.00007,75934.75,0.00007,75933.22,0.76544,75934.76,0.00007,75933.16,0.25958,75934.78,0.00007,75933.15,0.04757,75935.39,0.0001,75933.02,2.3504,75936.0,0.00762,75933.01,0.08992,75936.06,0.00498,75932.81,0.00014
1777502567565,75934.0,0.05174,75933.99,3.22821,75934.01,0.00085,75933.98,0.00022,75934.21,0.00022,75933.5,0.003,75934.22,0.04189,75933.23,0.1349,75934.75,0.00007,75933.22,0.76544,75934.76,0.00007,75933.16,0.25958,75934.78,0.00007,75933.15,0.04757,75935.39,0.0001,75933.02,2.3504,75936.0,0.00762,75933.01,0.08992,75936.06,0.00498,75932.81,0.00014
1777502567664,75934.0,0.46794,75933.99,2.1624,75934.01,0.00085,75933.98,0.00022,75934.21,0.00022,75933.5,0.003,75934.22,0.04189,75933.23,0.13504,75934.75,0.00007,75933.22,0.07582,75934.76,0.00007,75933.17,0.00014,75934.78,0.00007,75933.16,0.12785,75935.39,0.0001,75933.15,0.00702,75935.5,0.00027,75933.02,0.00027,75935.98,0.14514,75933.01,0.00348
1777502567764,75934.0,0.69123,75933.99,2.13925,75934.01,0.00099,75933.98,0.00071,75934.21,0.00022,75933.5,0.003,75934.22,0.04189,75933.25,0.00014,75934.75,0.00007,75933.24,0.11613,75934.76,0.00007,75933.23,0.00021,75934.78,0.00007,75933.22,0.00014,75935.39,0.0001,75933.17,0.00014,75935.5,0.00027,75933.16,0.12785,75935.96,0.1641,75933.15,0.00702
1777502567864,75934.0,0.69123,75933.99,2.13925,75934.01,0.00106,75933.98,0.00071,75934.21,0.00022,75933.5,0.003,75934.22,0.04189,75933.25,0.00014,75934.75,0.00007,75933.24,0.07589,75934.76,0.00007,75933.17,0.00014,75934.78,0.00007,75933.16,0.12785,75935.39,0.0001,75933.15,0.00702,75935.94,0.16243,75933.02,0.00013,75935.95,0.23027,75933.01,0.00334
1777502567964,75934.0,0.69116,75933.99,2.13918,75934.01,0.00092,75933.98,0.00071,75934.21,0.00022,75933.5,0.003,75934.22,0.04189,75933.25,0.00014,75934.75,0.00007,75933.24,0.07589,75934.76,0.00007,75933.17,0.00022,75934.78,0.00007,75933.16,0.12785,75935.39,0.0001,75933.15,0.00702,75935.92,0.16077,75933.02,0.00013,75935.93,0.13987,75933.01,0.00327
1777502568064,75934.0,0.69109,75933.99,2.13918,75934.01,0.00099,75933.98,0.00071,75934.21,0.00022,75933.5,0.003,75934.22,0.04189,75933.25,0.00014,75934.75,0.00007,75933.24,0.07589,75934.76,0.00007,75933.17,0.00022,75934.78,0.00007,75933.16,0.12785,75935.39,0.0001,75933.15,0.00702,75935.9,0.1591,75933.02,0.00013,75935.91,0.17936,75933.01,0.00327
1777502568165,75934.0,0.69099,75933.99,2.13918,75934.01,0.00099,75933.98,0.00071,75934.21,0.00014,75933.5,0.003,75934.22,0.04189,75933.25,0.00014,75934.75,0.00007,75933.24,0.07589,75934.76,0.00007,75933.17,0.00022,75934.78,0.00007,75933.16,0.12785,75935.39,0.0001,75933.15,0.00702,75935.87,0.18806,75933.02,0.00013,75935.88,0.14324,75933.01,0.00327
1777502568264,75934.0,0.69085,75933.99,2.13918,75934.01,0.00099,75933.98,0.00071,75934.21,0.00014,75933.5,0.003,75934.22,0.04189,75933.25,0.00014,75934.75,0.00007,75933.24,0.07589,75934.76,0.00007,75933.17,0.00022,75934.78,0.00007,75933.16,0.12785,75935.39,0.0001,75933.15,0.00702,75935.85,0.1696,75933.02,0.00013,75935.86,0.15577,75933.01,0.00327
1777502568364,75934.0,0.69085,75933.99,2.13925,75934.01,0.00099,75933.98,0.00078,75934.21,0.00014,75933.5,0.003,75934.22,0.04189,75933.25,0.00014,75934.75,0.00007,75933.24,0.07589,75934.76,0.00007,75933.17,0.00022,75934.78,0.00007,75933.16,0.12785,75935.39,0.0001,75933.15,0.00702,75935.83,0.18421,75933.02,0.00013,75935.84,0.15411,75933.01,0.00327
1777502568464,75934.0,0.69071,75933.99,2.13925,75934.01,0.00092,75933.98,0.00078,75934.21,0.00014,75933.5,0.003,75934.22,0.04189,75933.25,0.00014,75934.75,0.00007,75933.24,0.07589,75934.76,0.00007,75933.17,0.00022,75934.78,0.00007,75933.16,0.12785,75935.39,0.0001,75933.15,0.00702,75935.82,0.14215,75933.02,0.00013,75935.83,0.00028,75933.01,0.00327
1777502568564,75934.0,0.69078,75933.99,2.13925,75934.01,0.00092,75933.98,0.00078,75934.21,0.00014,75933.5,0.003,75934.22,0.04189,75933.25,0.00014,75934.75,0.00007,75933.24,0.07589,75934.76,0.00007,75933.17,0.00022,75934.78,0.00007,75933.16,0.12785,75935.39,0.0001,75933.15,0.00702,75935.8,0.00014,75933.02,0.00013,75935.81,0.13248,75933.01,0.00327
1777502568664,75934.0,0.69071,75933.99,2.13925,75934.01,0.00092,75933.98,0.00078,75934.21,0.00014,75933.5,0.003,75934.22,0.04189,75933.25,0.00014,75934.75,0.00007,75933.24,0.07589,75934.76,0.00007,75933.17,0.00022,75934.78,0.00007,75933.16,0.12785,75935.39,0.0001,75933.15,0.00702,75935.79,0.15848,75933.02,0.00013,75935.8,0.11806,75933.01,0.00327
1777502568765,75934.0,0.69085,75933.99,2.13925,75934.01,0.00092,75933.98,0.00078,75934.21,0.00014,75933.5,0.003,75934.22,0.04189,75933.25,0.00014,75934.75,0.00007,75933.24,0.07589,75934.76,0.00007,75933.17,0.00022,75934.78,0.00007,75933.16,0.12785,75935.39,0.0001,75933.15,0.00702,75935.77,0.00014,75933.02,0.00013,75935.78,0.07626,75933.01,0.00327
1777502568864,75934.0,0.46749,75933.99,2.13827,75934.01,0.00092,75933.98,0.00022,75934.21,0.00014,75933.5,0.003,75934.22,0.04189,75933.25,0.00014,75934.75,0.00007,75933.24,0.07589,75934.76,0.00007,75933.17,0.00022,75934.78,0.00007,75933.16,0.12785,75935.39,0.0001,75933.15,0.00702,75935.77,0.00014,75933.02,0.00013,75935.78,0.0764,75933.01,0.00327
1777502568964,75934.0,0.46749,75933.99,2.13827,75934.01,0.00092,75933.98,0.00022,75934.21,0.00014,75933.5,0.003,75934.22,0.04189,75933.25,0.00014,75934.75,0.00007,75933.24,0.07589,75934.76,0.00007,75933.17,0.00022,75934.78,0.00007,75933.16,0.12785,75935.39,0.0001,75933.15,0.00702,75935.77,0.0639,75933.02,0.00013,75935.78,0.00014,75933.01,0.00327
1777502569065,75934.0,0.46749,75933.99,2.13827,75934.01,0.00092,75933.98,0.00022,75934.21,0.00014,75933.5,0.003,75934.22,0.04189,75933.25,0.00014,75934.75,0.00007,75933.24,0.11043,75934.76,0.00007,75933.17,0.00022,75934.78,0.00007,75933.16,0.12792,75935.39,0.0001,75933.15,0.00702,75935.76,0.00014,75933.02,0.00013,75935.77,0.0639,75933.01,0.00327
1777502569165,75934.0,0.46749,75933.99,2.13827,75934.01,0.00092,75933.98,0.00022,75934.21,0.00014,75933.5,0.003,75934.22,0.04189,75933.25,0.00014,75934.75,0.00007,75933.24,0.11043,75934.76,0.00007,75933.17,0.00022,75934.78,0.00007,75933.16,0.12792,75935.39,0.0001,75933.15,0.00702,75935.76,0.00022,75933.02,0.00013,75935.77,0.0639,75933.01,0.0032
1777502569264,75934.0,0.46742,75933.99,2.13827,75934.01,0.00092,75933.98,0.00022,75934.21,0.00014,75933.5,0.003,75934.22,0.04189,75933.25,0.00014,75934.75,0.00007,75933.24,0.11043,75934.76,0.00007,75933.17,0.00022,75934.78,0.00007,75933.16,0.12792,75935.39,0.0001,75933.15,0.00702,75935.76,0.00022,75933.02,0.00013,75935.77,0.0639,75933.01,0.0032
1777502569364,75934.0,0.46742,75933.99,2.13827,75934.01,0.00092,75933.98,0.00022,75934.21,0.00014,75933.5,0.003,75934.22,0.04189,75933.25,0.00014,75934.75,0.00007,75933.24,0.11043,75934.76,0.00007,75933.17,0.00022,75934.78,0.00007,75933.16,0.12792,75935.39,0.0001,75933.15,0.00702,75935.76,0.00022,75933.02,0.00013,75935.77,0.0639,75933.01,0.0032
1777502569465,75934.0,0.46742,75933.99,2.13827,75934.01,0.00092,75933.98,0.00022,75934.21,0.00014,75933.5,0.003,75934.22,0.04189,75933.25,0.00014,75934.75,0.00007,75933.24,0.11043,75934.76,0.00007,75933.17,0.00022,75934.78,0.00007,75933.16,0.12792,75935.39,0.0001,75933.15,0.00702,75935.76,0.00022,75933.02,0.00013,75935.77,0.0639,75933.01,0.0032
1777502569564,75934.0,0.46742,75933.99,2.13827,75934.01,0.00092,75933.98,0.00022,75934.21,0.00014,75933.5,0.003,75934.22,0.04189,75933.25,0.00014,75934.75,0.00007,75933.24,0.11043,75934.76,0.00007,75933.17,0.00022,75934.78,0.00007,75933.16,0.12792,75935.39,0.0001,75933.15,0.00702,75935.76,0.00022,75933.02,0.00013,75935.77,0.0639,75933.01,0.0032
1777502569664,75934.0,0.46742,75933.99,2.08868,75934.01,0.00092,75933.98,0.00022,75934.21,0.00014,75933.5,0.003,75934.22,0.04189,75933.25,0.00014,75934.75,0.00007,75933.24,0.11043,75934.76,0.00007,75933.17,0.00022,75934.78,0.00007,75933.16,0.12792,75935.39,0.0001,75933.15,0.00702,75935.76,0.00022,75933.02,0.00013,75935.77,0.0639,75933.01,0.0032
1777502569766,75934.0,0.46742,75933.99,2.0821,75934.01,0.00092,75933.98,0.00022,75934.21,0.00014,75933.5,0.003,75934.22,0.04189,75933.25,0.00014,75934.75,0.00007,75933.24,0.11043,75934.76,0.00007,75933.17,0.00022,75934.78,0.00007,75933.16,0.12792,75935.39,0.0001,75933.15,0.00702,75935.76,0.00022,75933.02,0.00013,75935.77,0.0639,75933.01,0.0032
1777502569865,75934.0,0.46742,75933.99,2.0821,75934.01,0.00092,75933.98,0.00022,75934.21,0.00014,75933.5,0.003,75934.22,0.04189,75933.25,0.00014,75934.75,0.00007,75933.24,0.11043,75934.76,0.00007,75933.17,0.00022,75934.78,0.00007,75933.16,0.12792,75935.39,0.0001,75933.15,0.00702,75935.76,0.00022,75933.02,0.00013,75935.77,0.0639,75933.01,0.0032
1777502569967,75934.0,0.46742,75933.99,2.0821,75934.01,0.00092,75933.98,0.00022,75934.21,0.00014,75933.5,0.003,75934.22,0.04189,75933.25,0.00014,75934.75,0.00007,75933.24,0.11043,75934.76,0.00007,75933.17,0.00022,75934.78,0.00007,75933.16,0.12792,75935.39,0.0001,75933.15,0.00702,75935.76,0.00022,75933.02,0.00013,75935.77,0.0639,75933.01,0.0032
1777502570064,75934.0,0.46742,75933.99,2.0821,75934.01,0.00092,75933.98,0.00022,75934.21,0.00014,75933.5,0.003,75934.22,0.04189,75933.25,0.00014,75934.75,0.00007,75933.24,0.11043,75934.76,0.00007,75933.17,0.00022,75934.78,0.00007,75933.16,0.12792,75935.39,0.0001,75933.15,0.00702,75935.76,0.00022,75933.02,0.00013,75935.77,0.0639,75933.01,0.0032
1777502570163,75934.0,0.66618,75933.99,2.08301,75934.01,0.00092,75933.98,0.00071,75934.21,0.00014,75933.5,0.003,75934.22,0.04189,75933.25,0.00014,75934.75,0.00007,75933.24,0.11043,75934.76,0.00007,75933.17,0.00022,75934.78,0.00007,75933.16,0.12792,75935.39,0.0001,75933.15,0.00702,75935.76,0.00022,75933.02,0.00013,75935.77,0.0639,75933.01,0.0032
1777502570264,75934.0,0.66618,75933.99,2.08301,75934.01,0.00092,75933.98,0.00071,75934.21,0.00014,75933.5,0.003,75934.22,0.04189,75933.25,0.00014,75934.75,0.00007,75933.24,0.11043,75934.76,0.00007,75933.17,0.00022,75934.78,0.00007,75933.16,0.12792,75935.39,0.0001,75933.15,0.00702,75935.76,0.00022,75933.02,0.00013,75935.77,0.0639,75933.01,0.0032
1777502570365,75934.0,0.66618,75933.99,2.08301,75934.01,0.00092,75933.98,0.00071,75934.21,0.00014,75933.5,0.003,75934.22,0.04189,75933.25,0.00014,75934.75,0.00007,75933.24,0.11043,75934.76,0.00007,75933.17,0.00022,75934.78,0.00007,75933.16,0.12792,75935.39,0.0001,75933.15,0.00702,75935.76,0.00022,75933.02,0.00013,75935.77,0.0639,75933.01,0.0032
1777502570464,75934.0,0.66618,75933.99,2.08301,75934.01,0.00092,75933.98,0.00071,75934.21,0.00014,75933.5,0.003,75934.22,0.04189,75933.25,0.00014,75934.75,0.00007,75933.24,0.11043,75934.76,0.00007,75933.17,0.00022,75934.78,0.00007,75933.16,0.12792,75935.39,0.0001,75933.15,0.00702,75935.76,0.00022,75933.02,0.00013,75935.77,0.0639,75933.01,0.0032
1777502570564,75934.0,0.66618,75933.99,2.08301,75934.01,0.00092,75933.98,0.00071,75934.21,0.00014,75933.5,0.003,75934.22,0.04189,75933.25,0.00014,75934.75,0.00007,75933.24,0.11043,75934.76,0.00007,75933.17,0.00022,75934.78,0.00007,75933.16,0.12792,75935.39,0.0001,75933.15,0.00702,75935.76,0.00022,75933.02,0.00013,75935.77,0.0639,75933.01,0.0032
1777502570664,75934.0,0.66618,75933.99,2.08301,75934.01,0.00092,75933.98,0.00071,75934.21,0.00014,75933.5,0.003,75934.22,0.04189,75933.25,0.00014,75934.75,0.00007,75933.24,0.11043,75934.76,0.00007,75933.17,0.00022,75934.78,0.00007,75933.16,0.12792,75935.39,0.0001,75933.15,0.00702,75935.76,0.00022,75933.02,0.00013,75935.77,0.0639,75933.01,0.0032
1777502570765,75934.0,0.66618,75933.99,2.08301,75934.01,0.00092,75933.98,0.00071,75934.21,0.00014,75933.5,0.003,75934.22,0.04189,75933.25,0.00014,75934.75,0.00007,75933.24,0.11043,75934.76,0.00007,75933.17,0.00022,75934.78,0.00007,75933.16,0.12792,75935.39,0.0001,75933.15,0.00702,75935.76,0.00022,75933.02,0.00013,75935.77,0.0639,75933.01,0.0032
1777502570864,75934.0,0.66618,75933.99,2.08301,75934.01,0.00092,75933.98,0.00071,75934.21,0.00014,75933.5,0.003,75934.22,0.04189,75933.25,0.00014,75934.75,0.00007,75933.24,0.11043,75934.76,0.00007,75933.17,0.00022,75934.78,0.00007,75933.16,0.12792,75935.39,0.0001,75933.15,0.00702,75935.76,0.00022,75933.02,0.00013,75935.77,0.0639,75933.01,0.0032
1777502570965,75934.0,0.66618,75933.99,2.08301,75934.01,0.00092,75933.98,0.00071,75934.21,0.00014,75933.5,0.003,75934.22,0.04189,75933.25,0.00014,75934.75,0.00007,75933.24,0.11043,75934.76,0.00007,75933.17,0.00022,75934.78,0.00007,75933.16,0.12792,75935.39,0.0001,75933.15,0.00702,75935.76,0.00022,75933.02,0.00013,75935.77,0.0639,75933.01,0.0032
1777502571064,75934.0,0.66618,75933.99,2.08301,75934.01,0.00092,75933.98,0.00071,75934.21,0.00014,75933.5,0.003,75934.22,0.04189,75933.25,0.00014,75934.75,0.00007,75933.24,0.11043,75934.76,0.00007,75933.17,0.00022,75934.78,0.00007,75933.16,0.12792,75935.39,0.0001,75933.15,0.00702,75935.76,0.00022,75933.02,0.00013,75935.77,0.0639,75933.01,0.0032
1777502571165,75934.0,0.66618,75933.99,2.08301,75934.01,0.00092,75933.98,0.00071,75934.21,0.00014,75933.5,0.003,75934.22,0.04189,75933.25,0.00014,75934.75,0.00007,75933.24,0.11043,75934.76,0.00007,75933.17,0.00022,75934.78,0.00007,75933.16,0.12792,75935.39,0.0001,75933.15,0.00702,75935.76,0.00022,75933.02,0.00013,75935.77,0.0639,75933.01,0.0032
1777502571264,75934.0,0.66618,75933.99,2.08301,75934.01,0.00092,75933.98,0.00071,75934.21,0.00014,75933.5,0.003,75934.22,0.04189,75933.25,0.00014,75934.75,0.00007,75933.24,0.11043,75934.76,0.00007,75933.17,0.00022,75934.78,0.00007,75933.16,0.12792,75935.39,0.0001,75933.15,0.00702,75935.76,0.00022,75933.02,0.00013,75935.77,0.0639,75933.01,0.0032
1777502571364,75934.0,0.66618,75933.99,2.08301,75934.01,0.00092,75933.98,0.00071,75934.21,0.00014,75933.5,0.003,75934.22,0.04189,75933.25,0.00014,75934.75,0.00007,75933.24,0.11043,75934.76,0.00007,75933.17,0.00022,75934.78,0.00007,75933.16,0.12792,75935.39,0.0001,75933.15,0.00702,75935.76,0.00022,75933.02,0.00013,75935.77,0.0639,75933.01,0.0032
1777502571464,75934.0,0.66618,75933.99,2.08301,75934.01,0.00092,75933.98,0.00071,75934.21,0.00014,75933.5,0.003,75934.22,0.04189,75933.25,0.00014,75934.75,0.00007,75933.24,0.11043,75934.76,0.00007,75933.17,0.00022,75934.78,0.00007,75933.16,0.12792,75935.39,0.0001,75933.15,0.00702,75935.76,0.00022,75933.02,0.00013,75935.77,0.0639,75933.01,0.0032
1777502571568,75934.0,0.66618,75933.99,2.08301,75934.01,0.00092,75933.98,0.00071,75934.21,0.00014,75933.5,0.003,75934.22,0.04189,75933.25,0.00014,75934.75,0.00007,75933.24,0.11043,75934.76,0.00007,75933.17,0.00022,75934.78,0.00007,75933.16,0.12792,75935.39,0.0001,75933.15,0.00702,75935.76,0.00022,75933.02,0.00353,75935.77,0.0639,75933.01,0.0032
1777502571666,75934.0,0.66618,75933.99,2.08301,75934.01,0.00092,75933.98,0.00071,75934.21,0.00014,75933.5,0.003,75934.22,0.04189,75933.25,0.00014,75934.75,0.00007,75933.24,0.11043,75934.76,0.00007,75933.17,0.00022,75934.78,0.00007,75933.16,0.12792,75935.39,0.0001,75933.15,0.00702,75935.76,0.00022,75933.02,0.00353,75935.77,0.0639,75933.01,0.0032
1777502571764,75934.0,1.02493,75933.99,1.49769,75934.01,0.00085,75933.98,0.00078,75934.21,0.00014,75933.5,0.003,75934.22,0.04189,75933.25,0.00014,75934.63,0.08644,75933.24,0.00014,75934.75,0.00007,75933.17,0.00022,75934.76,0.00007,75933.16,0.12792,75934.78,0.00007,75933.15,0.00702,75935.39,0.0001,75933.02,0.00353,75935.76,0.1467,75933.01,0.0032
1777502571865,75934.0,1.26591,75933.99,1.49558,75934.01,0.00057,75933.98,0.00071,75934.21,0.00014,75933.5,0.003,75934.22,0.04189,75933.17,0.00008,75934.61,0.00014,75933.16,0.00021,75934.62,0.14575,75933.15,0.00702,75934.63,0.08665,75933.02,0.00353,75934.75,0.00007,75933.01,0.0032,75934.76,0.00007,75932.81,0.00014,75934.78,0.00007,75932.8,0.00007
1777502571965,75934.0,1.26625,75933.99,1.17067,75934.01,0.00043,75933.98,0.00071,75934.21,0.00014,75933.17,0.00008,75934.22,0.04189,75933.16,0.00007,75934.6,0.00014,75933.15,0.00702,75934.61,0.23357,75933.02,0.00353,75934.62,0.00028,75933.01,0.0032,75934.63,0.08672,75932.81,0.00014,75934.75,0.00007,75932.8,0.00007,75934.76,0.00007,75932.38,0.00022
1777502572064,75934.0,1.26632,75933.99,1.04357,75934.01,0.00057,75933.98,0.00071,75934.21,0.00014,75933.16,0.00007,75934.22,0.04189,75933.15,0.00702,75934.6,0.00014,75933.02,0.00353,75934.61,0.23371,75933.01,0.0032,75934.62,0.00014,75932.81,0.00014,75934.63,0.08679,75932.8,0.00007,75934.75,0.00007,75932.38,0.00022,75934.76,0.00007,75932.37,0.03234
1777502572164,75934.0,1.30674,75933.99,1.04357,75934.01,0.00057,75933.98,0.00071,75934.21,0.00014,75933.16,0.00007,75934.22,0.04189,75933.15,0.00702,75934.6,0.00014,75933.02,0.00353,75934.61,0.23371,75933.01,0.0032,75934.62,0.00014,75932.81,0.00014,75934.63,0.08686,75932.8,0.00007,75934.75,0.00007,75932.38,0.00022,75934.76,0.00007,75932.37,0.03234
1777502572264,75934.0,1.30674,75933.99,1.04357,75934.01,0.00057,75933.98,0.00071,75934.21,0.00014,75933.16,0.00007,75934.22,0.04189,75933.15,0.00702,75934.6,0.00022,75933.02,0.00353,75934.61,0.23371,75933.01,0.0032,75934.62,0.00014,75932.81,0.00014,75934.63,0.08686,75932.8,0.00007,75934.75,0.00007,75932.38,0.00022,75934.76,0.00007,75932.37,0.03234
1777502572364,75934.0,1.30667,75933.99,1.0431,75934.01,0.00057,75933.98,0.00071,75934.21,0.00014,75933.16,0.00007,75934.22,0.04189,75933.15,0.00702,75934.6,0.00022,75933.02,0.00353,75934.61,0.23371,75933.01,0.0032,75934.62,0.00014,75932.81,0.00014,75934.63,0.08672,75932.8,0.00007,75934.75,0.00007,75932.38,0.00008,75934.76,0.00007,75932.37,0.03232
1777502572464,75934.0,1.30667,75933.99,1.04317,75934.01,0.00057,75933.98,0.00078,75934.21,0.00014,75933.16,0.00007,75934.22,0.04189,75933.15,0.00702,75934.46,0.00014,75933.02,0.00353,75934.47,0.0368,75933.01,0.0032,75934.6,0.00022,75932.81,0.00014,75934.61,0.23371,75932.8,0.00007,75934.62,0.00014,75932.38,0.00022,75934.63,0.08679,75932.37,0.03232
1777502572564,75934.0,1.30681,75933.99,1.0336,75934.01,0.00071,75933.98,0.00078,75934.21,0.00014,75933.16,0.00007,75934.22,0.04189,75933.15,0.00702,75934.46,0.00014,75933.02,0.00353,75934.47,0.03694,75933.01,0.0032,75934.6,0.00022,75932.81,0.00014,75934.61,0.23371,75932.8,0.00007,75934.62,0.00014,75932.38,0.00022,75934.63,0.08679,75932.37,0.03232
1777502572664,75934.0,1.30681,75933.99,1.0336,75934.01,0.00071,75933.98,0.00078,75934.21,0.00014,75933.16,0.00007,75934.22,0.04189,75933.15,0.00702,75934.46,0.00014,75933.02,0.00353,75934.47,0.03694,75933.01,0.0032,75934.6,0.00022,75932.81,0.00014,75934.61,0.23371,75932.8,0.00007,75934.62,0.00014,75932.38,0.00022,75934.63,0.08679,75932.37,0.03232
1777502572764,75934.0,1.30681,75933.99,1.01773,75934.01,0.00071,75933.98,0.00078,75934.21,0.00014,75933.16,0.00007,75934.22,0.04189,75933.15,0.00702,75934.46,0.00014,75933.02,0.00353,75934.47,0.03694,75933.01,0.0032,75934.6,0.00022,75932.81,0.00014,75934.61,0.23371,75932.8,0.00007,75934.62,0.00014,75932.38,0.00022,75934.63,0.08679,75932.37,0.03232
1777502572865,75934.0,1.33719,75933.99,1.01773,75934.01,0.00071,75933.98,0.00078,75934.21,0.00014,75933.16,0.00007,75934.22,0.04189,75933.15,0.00702,75934.46,0.00014,75933.02,0.00353,75934.47,0.03694,75933.01,0.0032,75934.6,0.00022,75932.81,0.00014,75934.61,0.23371,75932.8,0.00007,75934.62,0.00014,75932.38,0.00022,75934.63,0.08679,75932.37,0.03232
1777502572964,75934.0,1.33726,75933.99,1.0178,75934.01,0.00078,75933.98,0.00078,75934.21,0.00014,75933.16,0.00007,75934.22,0.04189,75933.15,0.00702,75934.46,0.00014,75933.02,0.00353,75934.47,0.03694,75933.01,0.0032,75934.6,0.00022,75932.81,0.00014,75934.61,0.23371,75932.8,0.00007,75934.62,0.00014,75932.38,0.00022,75934.63,0.08686,75932.37,0.03232
1777502573064,75934.0,1.3374,75933.99,1.01448,75934.01,0.00078,75933.98,0.00078,75934.21,0.00014,75933.16,0.00007,75934.22,0.04189,75933.15,0.00702,75934.46,0.00014,75933.02,0.00353,75934.47,0.03694,75933.01,0.0032,75934.6,0.00022,75932.81,0.00014,75934.61,0.23371,75932.8,0.00007,75934.62,0.00014,75932.38,0.00014,75934.63,0.08686,75932.37,0.03246
1777502573164,75934.0,1.45502,75933.99,0.37579,75934.01,0.00022,75933.98,0.00078,75934.22,0.04189,75933.16,0.00007,75934.47,0.03694,75933.15,0.00702,75934.6,0.00008,75933.02,0.00353,75934.61,0.23371,75933.01,0.0032,75934.63,0.08686,75932.81,0.00014,75934.75,0.00007,75932.8,0.00007,75934.76,0.00007,75932.38,0.00014,75934.78,0.00007,75932.37,0.00036
1777502573265,75934.0,1.45468,75933.99,0.37374,75934.01,0.00022,75933.98,0.00071,75934.22,0.04189,75933.16,0.00007,75934.47,0.03694,75933.15,0.00702,75934.6,0.00008,75933.02,0.00353,75934.61,0.23371,75933.01,0.00313,75934.63,0.08686,75932.81,0.00014,75934.75,0.00007,75932.8,0.00007,75934.76,0.00007,75932.37,0.00022,75934.78,0.00007,75932.36,0.0728
1777502573364,75934.0,1.46768,75933.99,0.37381,75934.01,0.00022,75933.98,0.00071,75934.21,0.00014,75933.16,0.00007,75934.22,0.04189,75933.15,0.00702,75934.46,0.00014,75933.02,0.00353,75934.47,0.03694,75933.01,0.00313,75934.6,0.00022,75932.81,0.00014,75934.61,0.23371,75932.8,0.00007,75934.62,0.00014,75932.37,0.00022,75934.63,0.08686,75932.36,0.07294
1777502573464,75934.0,1.46768,75933.99,0.37504,75934.01,0.00022,75933.98,0.00071,75934.21,0.00014,75933.16,0.00007,75934.22,0.04189,75933.15,0.00702,75934.46,0.00014,75933.02,0.00353,75934.47,0.03694,75933.01,0.00313,75934.6,0.00022,75932.81,0.00014,75934.61,0.23371,75932.8,0.00007,75934.62,0.00014,75932.37,0.00022,75934.63,0.08693,75932.36,0.07301
1777502573564,75934.0,1.46768,75933.99,0.37504,75934.01,0.00022,75933.98,0.00071,75934.21,0.00014,75933.16,0.00007,75934.22,0.04189,75933.15,0.00702,75934.46,0.00014,75933.02,0.00353,75934.47,0.03694,75933.01,0.00313,75934.6,0.00022,75932.81,0.00014,75934.61,0.23371,75932.8,0.00007,75934.62,0.00014,75932.37,0.00022,75934.63,0.08693,75932.36,0.07308
1777502573665,75934.0,1.46768,75933.99,0.33316,75934.01,0.00022,75933.98,0.00071,75934.21,0.00014,75933.16,0.00007,75934.22,0.04189,75933.15,0.00702,75934.46,0.00014,75933.02,0.00353,75934.47,0.03694,75933.01,0.00313,75934.6,0.00022,75932.81,0.00014,75934.61,0.23371,75932.8,0.00007,75934.62,0.00014,75932.37,0.00022,75934.63,0.08693,75932.36,0.07315
1777502573764,75934.0,1.55643,75933.99,0.31385,75934.01,0.00022,75933.98,0.00071,75934.21,0.00014,75933.16,0.00007,75934.22,0.04189,75933.15,0.00702,75934.46,0.00014,75933.02,0.00353,75934.47,0.03694,75933.01,0.00313,75934.6,0.00022,75932.81,0.00014,75934.61,0.23371,75932.8,0.00007,75934.62,0.00014,75932.37,0.00022,75934.63,0.08693,75932.36,0.07315
1777502573865,75934.0,1.55643,75933.99,0.30737,75934.01,0.00022,75933.98,0.00071,75934.21,0.00014,75933.16,0.00007,75934.22,0.04189,75933.15,0.00702,75934.46,0.00014,75933.02,0.00353,75934.47,0.03694,75933.01,0.00313,75934.6,0.00022,75932.81,0.00014,75934.61,0.23371,75932.8,0.00007,75934.62,0.00014,75932.37,0.00022,75934.63,0.08693,75932.36,0.07308
1777502573964,75934.0,1.55643,75933.99,0.30384,75934.01,0.00022,75933.98,0.00071,75934.21,0.00014,75933.16,0.00007,75934.22,0.04189,75933.15,0.00702,75934.46,0.00014,75933.02,0.00353,75934.47,0.03694,75933.01,0.00313,75934.6,0.00022,75932.81,0.00014,75934.61,0.23371,75932.8,0.00007,75934.62,0.00014,75932.37,0.00022,75934.63,0.08693,75932.36,0.07301
1777502574064,75934.0,1.55643,75933.99,0.30391,75934.01,0.00022,75933.98,0.00071,75934.21,0.00014,75933.16,0.00007,75934.22,0.04189,75933.15,0.00702,75934.46,0.00014,75933.02,0.00353,75934.47,0.03694,75933.01,0.00313,75934.6,0.00022,75932.81,0.00014,75934.61,0.23371,75932.8,0.00007,75934.62,0.00014,75932.37,0.00022,75934.63,0.08693,75932.36,0.07294
1777502574164,75934.0,1.55643,75933.99,0.30384,75934.01,0.00022,75933.98,0.00071,75934.21,0.00014,75933.16,0.00007,75934.22,0.04189,75933.15,0.00702,75934.46,0.00014,75933.02,0.00353,75934.47,0.03694,75933.01,0.00313,75934.6,0.00022,75932.81,0.00014,75934.61,0.23371,75932.8,0.00007,75934.62,0.00014,75932.37,0.00022,75934.63,0.08693,75932.36,0.07294
1777502574264,75934.0,1.55643,75933.99,0.30661,75934.01,0.00022,75933.98,0.00071,75934.21,0.00014,75933.16,0.00007,75934.22,0.04189,75933.15,0.00702,75934.46,0.00014,75933.02,0.00353,75934.47,0.03694,75933.01,0.00313,75934.6,0.00022,75932.81,0.00014,75934.61,0.23371,75932.8,0.00007,75934.62,0.00014,75932.37,0.00022,75934.63,0.08693,75932.36,0.07287
1777502574364,75934.0,1.55913,75933.99,0.30595,75934.01,0.00022,75933.98,0.00071,75934.21,0.00014,75933.16,0.00007,75934.22,0.04189,75933.15,0.00702,75934.46,0.00014,75933.02,0.00353,75934.47,0.03694,75933.01,0.00313,75934.6,0.00022,75932.81,0.00014,75934.61,0.23371,75932.8,0.00007,75934.62,0.00014,75932.37,0.00022,75934.63,0.08686,75932.36,0.07287
1777502574464,75934.0,1.55913,75933.99,0.30595,75934.01,0.00022,75933.98,0.00071,75934.21,0.00014,75933.16,0.00007,75934.22,0.04189,75933.15,0.00702,75934.46,0.00014,75933.02,0.00353,75934.47,0.03694,75933.01,0.00313,75934.6,0.00022,75932.81,0.00014,75934.61,0.23371,75932.8,0.00007,75934.62,0.00014,75932.37,0.00022,75934.63,0.08686,75932.36,0.07287
1777502574564,75934.0,1.55913,75933.99,0.3058,75934.01,0.00022,75933.98,0.00071,75934.21,0.00014,75933.16,0.00007,75934.22,0.04189,75933.15,0.00702,75934.46,0.00014,75933.02,0.00353,75934.47,0.03694,75933.01,0.00313,75934.6,0.00022,75932.81,0.00014,75934.61,0.23371,75932.8,0.00007,75934.62,0.00014,75932.37,0.00022,75934.63,0.08686,75932.36,0.07287
1777502574664,75934.0,1.55913,75933.99,0.30323,75934.01,0.00022,75933.98,0.00071,75934.21,0.00014,75933.16,0.00007,75934.22,0.04189,75933.15,0.00702,75934.46,0.00014,75933.02,0.00353,75934.47,0.03694,75933.01,0.00313,75934.6,0.00022,75932.81,0.00014,75934.61,0.23371,75932.8,0.00007,75934.62,0.00014,75932.37,0.00022,75934.63,0.08686,75932.36,0.07287
1777502574763,75934.0,1.55913,75933.99,0.30323,75934.01,0.00022,75933.98,0.00071,75934.21,0.00014,75933.16,0.00007,75934.22,0.04189,75933.15,0.00702,75934.46,0.00014,75933.02,0.00353,75934.47,0.03694,75933.01,0.00313,75934.6,0.00022,75932.81,0.00014,75934.61,0.23371,75932.8,0.00007,75934.62,0.00014,75932.37,0.00022,75934.63,0.08686,75932.36,0.07287
1777502574864,75934.0,1.55913,75933.99,0.30323,75934.01,0.00022,75933.98,0.00071,75934.21,0.00014,75933.16,0.00007,75934.22,0.04189,75933.15,0.00702,75934.46,0.00014,75933.02,0.00353,75934.47,0.03694,75933.01,0.00313,75934.6,0.00022,75932.81,0.00014,75934.61,0.23371,75932.8,0.00007,75934.62,0.00014,75932.37,0.00022,75934.63,0.08686,75932.36,0.07287
1777502574964,75934.0,1.55913,75933.99,0.29984,75934.01,0.00022,75933.98,0.00071,75934.21,0.00014,75933.16,0.00007,75934.22,0.04189,75933.15,0.00702,75934.46,0.00014,75933.02,0.00353,75934.47,0.03694,75933.01,0.00313,75934.6,0.00022,75932.81,0.00014,75934.61,0.23371,75932.8,0.00007,75934.62,0.00014,75932.37,0.00022,75934.63,0.08686,75932.36,0.07287
1777502575064,75934.0,1.55913,75933.99,0.29984,75934.01,0.00022,75933.98,0.00071,75934.21,0.00014,75933.16,0.00007,75934.22,0.04189,75933.15,0.00702,75934.46,0.00014,75933.02,0.00353,75934.47,0.03694,75933.01,0.00313,75934.6,0.00022,75932.81,0.00014,75934.61,0.23371,75932.8,0.00007,75934.62,0.00014,75932.37,0.00022,75934.63,0.08686,75932.36,0.07287
1777502575164,75934.0,1.55913,75933.99,0.30323,75934.01,0.00022,75933.98,0.00071,75934.21,0.00014,75933.16,0.00007,75934.22,0.04189,75933.15,0.00702,75934.46,0.00014,75933.02,0.00353,75934.47,0.03694,75933.01,0.00313,75934.6,0.00022,75932.81,0.00014,75934.61,0.23371,75932.8,0.00007,75934.62,0.00014,75932.37,0.00022,75934.63,0.08686,75932.36,0.0728
1777502575264,75934.0,1.55913,75933.99,0.30323,75934.01,0.00022,75933.98,0.00071,75934.21,0.00014,75933.16,0.00007,75934.22,0.04189,75933.15,0.00702,75934.46,0.00014,75933.02,0.00353,75934.47,0.03694,75933.01,0.00313,75934.6,0.00022,75932.81,0.00014,75934.61,0.23371,75932.8,0.00007,75934.62,0.00014,75932.37,0.00022,75934.63,0.08686,75932.36,0.0728
1777502575364,75934.0,1.55913,75933.99,0.29984,75934.01,0.00022,75933.98,0.00071,75934.21,0.00014,75933.16,0.00007,75934.22,0.04189,75933.15,0.00702,75934.46,0.00014,75933.02,0.00353,75934.47,0.03694,75933.01,0.00313,75934.6,0.00022,75932.81,0.00014,75934.61,0.23371,75932.8,0.00007,75934.62,0.00014,75932.37,0.00022,75934.63,0.08686,75932.36,0.0728
1777502575464,75934.0,1.55913,75933.99,0.29984,75934.01,0.00022,75933.98,0.00071,75934.21,0.00014,75933.16,0.00007,75934.22,0.04189,75933.15,0.00702,75934.46,0.00014,75933.02,0.00353,75934.47,0.03694,75933.01,0.00313,75934.6,0.00022,75932.81,0.00014,75934.61,0.23371,75932.8,0.00007,75934.62,0.00014,75932.37,0.00022,75934.63,0.08686,75932.36,0.0728
1777502575564,75934.0,1.55913,75933.99,0.02182,75934.01,0.00022,75933.98,0.00078,75934.05,0.04886,75933.16,0.00007,75934.22,0.04189,75933.15,0.00702,75934.47,0.03694,75933.02,0.00353,75934.6,0.00008,75933.01,0.00313,75934.61,0.23371,75932.81,0.00014,75934.62,0.00027,75932.8,0.00007,75934.63,0.08686,75932.37,0.00022,75934.75,0.00007,75932.36,0.0728
1777502575663,75934.0,1.68401,75933.99,0.00786,75934.01,0.00022,75933.98,0.00078,75934.05,0.049,75933.16,0.00007,75934.22,0.04189,75933.15,0.00702,75934.47,0.03694,75933.02,0.00353,75934.6,0.00008,75933.01,0.00313,75934.61,1.51654,75932.81,0.00014,75934.62,0.00027,75932.8,0.00007,75934.63,0.07632,75932.37,0.00022,75934.75,0.00007,75932.36,0.07287
1777502575764,75934.0,1.67101,75933.99,0.00779,75934.01,0.00022,75933.98,0.00071,75934.05,0.049,75933.16,0.00007,75934.22,0.04189,75933.15,0.00702,75934.47,0.03694,75933.02,0.00353,75934.6,0.00008,75933.01,0.00313,75934.61,1.51654,75932.81,0.00014,75934.63,0.07639,75932.8,0.00007,75934.75,0.00007,75932.37,0.00022,75934.76,0.00007,75932.36,0.07287
1777502575864,75934.0,1.57847,75933.99,0.03689,75934.01,0.00022,75933.98,0.00071,75934.05,0.049,75933.16,0.00007,75934.22,0.04189,75933.15,0.00702,75934.47,0.03694,75933.02,0.00353,75934.6,0.00008,75933.01,0.00313,75934.61,1.51654,75932.81,0.00014,75934.63,0.07639,75932.8,0.00007,75934.75,0.00007,75932.37,0.00022,75934.76,0.00007,75932.36,0.07287
1777502575965,75934.0,1.57189,75933.99,0.29835,75934.01,0.00022,75933.98,0.00071,75934.05,0.049,75933.16,0.00007,75934.22,0.04189,75933.15,0.00702,75934.47,0.03694,75933.02,0.00353,75934.6,0.00008,75933.01,0.00313,75934.61,1.51654,75932.81,0.00014,75934.63,0.07639,75932.8,0.00007,75934.75,0.00007,75932.37,0.00022,75934.76,0.00007,75932.36,0.07287
1777502576064,75934.0,1.67097,75933.99,0.29834,75934.01,0.00022,75933.98,0.00071,75934.05,0.049,75933.16,0.00007,75934.22,0.04189,75933.15,0.00702,75934.47,0.03694,75933.02,0.00353,75934.6,0.00008,75933.01,0.00313,75934.61,1.51654,75932.81,0.00014,75934.63,0.07639,75932.8,0.00007,75934.75,0.00007,75932.37,0.00022,75934.76,0.00007,75932.36,0.07294
1777502576164,75934.0,1.67097,75933.99,0.29834,75934.01,0.00022,75933.98,0.00071,75934.05,0.049,75933.16,0.00007,75934.22,0.04189,75933.15,0.00702,75934.47,0.03694,75933.02,0.00353,75934.6,0.00008,75933.01,0.00313,75934.61,1.51654,75932.81,0.00014,75934.63,0.07639,75932.8,0.00007,75934.75,0.00007,75932.37,0.00022,75934.76,0.00007,75932.36,0.07287
1777502576264,75934.0,1.67097,75933.99,0.29834,75934.01,0.00022,75933.98,0.00071,75934.05,0.049,75933.16,0.00007,75934.22,0.04189,75933.15,0.00702,75934.47,0.03694,75933.02,0.00353,75934.6,0.00008,75933.01,0.00313,75934.61,1.51654,75932.81,0.00014,75934.63,0.07639,75932.8,0.00007,75934.75,0.00007,75932.37,0.00022,75934.76,0.00007,75932.36,0.07287
1777502576363,75934.0,1.67097,75933.99,0.29841,75934.01,0.00022,75933.98,0.00071,75934.05,0.049,75933.16,0.00007,75934.22,0.04189,75933.15,0.00702,75934.47,0.03694,75933.02,0.00353,75934.6,0.00008,75933.01,0.00313,75934.61,1.51654,75932.81,0.00014,75934.63,0.07625,75932.8,0.00007,75934.75,0.00007,75932.37,0.00022,75934.76,0.00007,75932.36,0.07294
1777502576464,75934.0,1.67097,75933.99,0.29841,75934.01,0.00022,75933.98,0.00071,75934.05,0.049,75933.16,0.00007,75934.22,0.04189,75933.15,0.00702,75934.47,0.03694,75933.02,0.00353,75934.6,0.00008,75933.01,0.00313,75934.61,1.51654,75932.81,0.00014,75934.63,0.07625,75932.8,0.00007,75934.75,0.00007,75932.37,0.00022,75934.76,0.00007,75932.36,0.07287
1777502576564,75934.0,1.67104,75933.99,0.29724,75934.01,0.00022,75933.98,0.00071,75934.05,0.049,75933.16,0.00007,75934.22,0.04189,75933.15,0.00702,75934.47,0.03694,75933.02,0.00353,75934.6,0.00008,75933.01,0.00313,75934.61,1.51654,75932.81,0.00014,75934.63,0.07625,75932.8,0.00007,75934.75,0.00007,75932.37,0.00022,75934.76,0.00007,75932.36,0.07287
1777502576663,75934.0,1.67104,75933.99,0.29724,75934.01,0.00022,75933.98,0.00071,75934.05,0.049,75933.16,0.00007,75934.22,0.04189,75933.15,0.00702,75934.47,0.03694,75933.02,0.00353,75934.6,0.00008,75933.01,0.00313,75934.61,1.51654,75932.81,0.00014,75934.63,0.07625,75932.8,0.00007,75934.75,0.00007,75932.37,0.00022,75934.76,0.00007,75932.36,0.07287
1777502576764,75934.0,1.68799,75933.99,0.29724,75934.01,0.00022,75933.98,0.00071,75934.05,0.049,75933.16,0.00007,75934.22,0.04189,75933.15,0.00702,75934.47,0.03694,75933.02,0.00353,75934.6,0.00008,75933.01,0.00313,75934.61,1.51654,75932.81,0.00014,75934.63,0.07625,75932.8,0.00007,75934.75,0.00007,75932.37,0.00022,75934.76,0.00007,75932.36,0.07287
1777502576864,75934.0,1.68799,75933.99,0.29724,75934.01,0.00022,75933.98,0.00071,75934.05,0.049,75933.16,0.00007,75934.22,0.04189,75933.15,0.00702,75934.47,0.03694,75933.02,0.00353,75934.6,0.00008,75933.01,0.00313,75934.61,1.51654,75932.81,0.00014,75934.63,0.07625,75932.8,0.00007,75934.75,0.00007,75932.37,0.00022,75934.76,0.00007,75932.36,0.07287
1777502576965,75934.0,1.68799,75933.99,0.29724,75934.01,0.00022,75933.98,0.00071,75934.05,0.049,75933.16,0.00007,75934.22,0.04189,75933.15,0.00702,75934.47,0.03694,75933.02,0.00353,75934.6,0.00008,75933.01,0.00313,75934.61,1.51654,75932.81,0.00014,75934.63,0.07625,75932.8,0.00007,75934.75,0.00007,75932.37,0.00022,75934.76,0.00007,75932.36,0.07287
1777502577064,75934.0,1.68799,75933.99,0.29716,75934.01,0.00022,75933.98,0.00071,75934.05,0.049,75933.16,0.00007,75934.22,0.04189,75933.15,0.00702,75934.47,0.03694,75933.02,0.00353,75934.6,0.00008,75933.01,0.00313,75934.61,1.51654,75932.81,0.00014,75934.63,0.07625,75932.8,0.00007,75934.75,0.00007,75932.37,0.00022,75934.76,0.00007,75932.36,0.07287
1777502577164,75934.0,1.68799,75933.99,0.29702,75934.01,0.00022,75933.98,0.00071,75934.05,0.049,75933.16,0.00007,75934.22,0.04189,75933.15,0.00702,75934.47,0.03694,75933.02,0.00353,75934.6,0.00008,75933.01,0.00313,75934.61,1.51654,75932.81,0.00014,75934.63,0.07625,75932.8,0.00007,75934.75,0.00007,75932.37,0.00022,75934.76,0.00007,75932.36,0.07287
1777502577264,75934.0,1.68799,75933.99,0.29702,75934.01,0.00022,75933.98,0.00071,75934.05,0.049,75933.16,0.00007,75934.22,0.04189,75933.15,0.00702,75934.47,0.03694,75933.02,0.00353,75934.6,0.00008,75933.01,0.00313,75934.61,1.51654,75932.81,0.00014,75934.63,0.07625,75932.8,0.00007,75934.75,0.00007,75932.37,0.00022,75934.76,0.00007,75932.36,0.07287
1777502577364,75934.0,2.08799,75933.99,0.24444,75934.01,0.00022,75933.98,0.00071,75934.05,0.049,75933.16,0.00007,75934.22,0.04189,75933.15,0.00702,75934.47,0.03694,75933.02,0.00353,75934.6,0.00008,75933.01,0.00313,75934.61,1.51654,75932.81,0.00014,75934.63,0.07625,75932.8,0.00007,75934.75,0.00007,75932.37,0.00022,75934.76,0.00007,75932.36,0.07287
1777502577467,75934.0,2.08799,75933.99,0.24444,75934.01,0.00022,75933.98,0.00071,75934.05,0.049,75933.16,0.00007,75934.22,0.04189,75933.15,0.00702,75934.47,0.03694,75933.02,0.00353,75934.6,0.00008,75933.01,0.00313,75934.61,1.51654,75932.81,0.00014,75934.63,0.07625,75932.8,0.00007,75934.75,0.00007,75932.37,0.00022,75934.76,0.00007,75932.36,0.07287
1777502577564,75934.0,2.08799,75933.99,0.24444,75934.01,0.00022,75933.98,0.00071,75934.05,0.049,75933.16,0.00007,75934.22,0.04189,75933.15,0.00702,75934.47,0.03694,75933.02,0.00353,75934.6,0.00008,75933.01,0.00313,75934.61,1.51654,75932.81,0.00014,75934.63,0.07625,75932.8,0.00007,75934.75,0.00007,75932.37,0.00022,75934.76,0.00007,75932.36,0.07287
1777502577664,75934.0,2.08141,75933.99,0.24444,75934.01,0.00022,75933.98,0.00071,75934.05,0.049,75933.16,0.00007,75934.22,0.04189,75933.15,0.00702,75934.47,0.03694,75933.02,0.00353,75934.6,0.00666,75933.01,0.00313,75934.61,1.51654,75932.81,0.00014,75934.63,0.07625,75932.8,0.00007,75934.75,0.00007,75932.37,0.00022,75934.76,0.00007,75932.36,0.07287
1777502577764,75934.0,2.08141,75933.99,0.24444,75934.01,0.00022,75933.98,0.00071,75934.05,0.049,75933.16,0.00007,75934.22,0.04189,75933.15,0.00702,75934.47,0.03694,75933.02,0.00353,75934.6,0.0068,75933.01,0.00313,75934.61,1.51654,75932.81,0.00014,75934.63,0.07625,75932.8,0.00007,75934.75,0.00007,75932.37,0.00022,75934.76,0.00007,75932.36,0.07287
1777502577864,75934.0,2.08141,75933.99,0.24444,75934.01,0.00022,75933.98,0.00071,75934.05,0.049,75933.16,0.00007,75934.22,0.04189,75933.15,0.00702,75934.47,0.03694,75933.02,0.00353,75934.6,0.0068,75933.01,0.00313,75934.61,1.51654,75932.81,0.00014,75934.63,0.07625,75932.8,0.00007,75934.75,0.00007,75932.37,0.00022,75934.76,0.00007,75932.36,0.07287
1777502577964,75934.0,2.08141,75933.99,0.24444,75934.01,0.00022,75933.98,0.00071,75934.05,0.049,75933.16,0.00007,75934.22,0.04189,75933.15,0.00702,75934.47,0.03694,75933.02,0.00353,75934.6,0.0068,75933.01,0.00313,75934.61,1.51654,75932.81,0.00014,75934.63,0.07625,75932.8,0.00007,75934.75,0.00007,75932.37,0.00022,75934.76,0.00007,75932.36,0.07287
1777502578064,75934.0,2.08141,75933.99,0.24444,75934.01,0.00022,75933.98,0.00071,75934.05,0.049,75933.16,0.00007,75934.22,0.04189,75933.15,0.00702,75934.47,0.03694,75933.02,0.00353,75934.6,0.0068,75933.01,0.00313,75934.61,1.51654,75932.81,0.00014,75934.63,0.07625,75932.8,0.00007,75934.75,0.00007,75932.37,0.00022,75934.76,0.00007,75932.36,0.07287
1777502578163,75934.0,2.06841,75933.99,0.24444,75934.01,0.00022,75933.98,0.00071,75934.05,0.049,75933.16,0.00007,75934.22,0.04189,75933.15,0.00702,75934.47,0.03694,75933.02,0.00353,75934.6,0.0068,75933.01,0.00313,75934.61,1.51654,75932.81,0.00014,75934.63,0.07625,75932.8,0.00007,75934.75,0.00007,75932.37,0.00022,75934.76,0.00007,75932.36,0.07287
1777502578264,75934.0,2.06717,75933.99,0.24444,75934.01,0.00022,75933.98,0.00071,75934.05,0.049,75933.16,0.00007,75934.22,0.04189,75933.15,0.00702,75934.47,0.03694,75933.02,0.0034,75934.6,0.0068,75933.01,0.00313,75934.61,1.51654,75932.81,0.00014,75934.63,0.07625,75932.8,0.00007,75934.75,0.00007,75932.37,0.00022,75934.76,0.00007,75932.36,0.07287
1777502578364,75934.0,2.08017,75933.99,0.24454,75934.01,0.00022,75933.98,0.00071,75934.05,0.049,75933.16,0.00007,75934.22,0.04189,75933.15,0.00702,75934.47,0.03694,75933.02,0.0034,75934.6,0.0068,75933.01,0.00313,75934.61,1.51654,75932.81,0.00014,75934.63,0.07625,75932.8,0.00007,75934.75,0.00007,75932.37,0.00022,75934.76,0.00007,75932.36,0.07287
1777502578464,75934.0,2.08017,75933.99,0.24454,75934.01,0.00022,75933.98,0.00071,75934.05,0.049,75933.16,0.00007,75934.22,0.04189,75933.15,0.00702,75934.47,0.03694,75933.02,0.0034,75934.6,0.0068,75933.01,0.00313,75934.61,1.51654,75932.81,0.00014,75934.63,0.07625,75932.8,0.00007,75934.75,0.00007,75932.37,0.00022,75934.76,0.00007,75932.36,0.07287
1777502578564,75932.82,2.86827,75932.81,0.72198,75932.83,0.00008,75932.8,0.00063,75932.98,1.67416,75932.37,0.00022,75932.99,1.73892,75932.36,0.07287,75933.0,1.28127,75932.34,0.00235,75933.02,0.00014,75932.19,0.00014,75933.5,0.003,75932.13,0.00014,75933.99,0.05658,75932.07,0.00014,75934.0,0.32829,75932.0,0.0012,75934.05,0.049,75931.95,0.00007
1777502578664,75932.82,2.87853,75932.81,0.72184,75932.83,0.00008,75932.8,0.00063,75932.97,0.0418,75932.37,0.00022,75932.98,1.18517,75932.36,0.07287,75932.99,1.73906,75932.34,0.00235,75933.0,1.28141,75932.0,0.0012,75933.5,0.003,75931.95,0.00007,75933.99,0.05672,75931.58,0.01068,75934.0,0.31522,75931.57,0.00022,75934.05,0.049,75931.56,0.07611
1777502578764,75932.82,2.87867,75932.81,0.72184,75932.83,0.00008,75932.8,0.00063,75932.97,0.04194,75932.37,0.00022,75932.98,1.18517,75932.36,0.07287,75932.99,1.73906,75932.34,0.00235,75933.0,1.28141,75932.0,0.0012,75933.5,0.003,75931.95,0.00007,75933.99,0.05672,75931.58,0.01068,75934.0,0.31515,75931.57,0.00022,75934.05,0.04886,75931.56,0.07611
1777502578863,75932.82,2.88525,75932.81,0.03058,75932.83,0.00008,75932.8,0.00063,75932.97,0.04194,75932.37,0.00022,75932.98,1.18517,75932.36,0.07287,75932.99,1.73906,75932.34,0.00235,75933.0,1.28141,75932.0,0.0012,75933.5,0.003,75931.95,0.00007,75933.99,0.05014,75931.58,0.01068,75934.0,0.31515,75931.57,0.00022,75934.05,0.049,75931.56,0.07611
1777502578965,75932.82,2.88532,75932.81,0.03058,75932.83,0.00008,75932.8,0.00063,75932.97,0.04194,75932.37,0.00022,75932.98,1.18517,75932.36,0.07287,75932.99,1.73906,75932.34,0.00235,75933.0,1.28141,75932.0,0.0012,75933.5,0.003,75931.95,0.00007,75933.99,0.05014,75931.58,0.01068,75934.0,0.31515,75931.57,0.00022,75934.05,0.049,75931.56,0.07611
1777502579064,75932.82,2.88532,75932.81,0.03058,75932.83,0.00008,75932.8,0.00063,75932.97,0.04194,75932.37,0.00022,75932.98,1.18517,75932.36,0.07287,75932.99,1.73906,75932.34,0.00235,75933.0,1.28141,75932.0,0.0012,75933.5,0.003,75931.95,0.00007,75933.99,0.05014,75931.58,0.01068,75934.0,0.31515,75931.57,0.00022,75934.04,0.00658,75931.56,0.07611
1777502579165,75932.82,2.88532,75932.81,0.03058,75932.83,0.00008,75932.8,0.00063,75932.97,0.04194,75932.37,0.00014,75932.98,1.18517,75932.36,0.07287,75932.99,1.73906,75932.34,0.00235,75933.0,1.28141,75932.0,0.0012,75933.4,0.01317,75931.95,0.00007,75933.5,0.003,75931.58,0.01068,75933.69,0.0001,75931.57,0.00022,75933.99,0.05014,75931.56,0.07611
1777502579263,75932.82,2.88532,75932.81,0.03058,75932.83,0.00008,75932.8,0.00063,75932.97,0.04194,75932.37,0.00014,75932.98,1.18517,75932.36,0.07287,75932.99,1.73906,75932.34,0.00235,75933.0,1.28141,75932.0,0.0012,75933.4,0.01317,75931.95,0.00007,75933.5,0.003,75931.58,0.01068,75933.69,0.0001,75931.57,0.00022,75933.99,0.05014,75931.56,0.07611
1777502579364,75932.82,2.89269,75932.81,0.03058,75932.83,0.00008,75932.8,0.00063,75932.97,0.04194,75932.37,0.00014,75932.98,1.18517,75932.36,0.07287,75932.99,1.73906,75932.34,0.00235,75933.0,1.28141,75932.0,0.0012,75933.4,0.01317,75931.95,0.00007,75933.5,0.003,75931.58,0.01068,75933.69,0.0001,75931.57,0.00022,75933.99,0.05014,75931.56,0.07611
1777502579464,75932.82,2.89269,75932.81,0.03058,75932.83,0.00008,75932.8,0.00063,75932.97,0.04194,75932.37,0.00014,75932.98,1.18517,75932.36,0.07287,75932.99,1.73906,75932.34,0.00235,75933.0,1.28141,75932.0,0.0012,75933.4,0.01317,75931.95,0.00007,75933.5,0.003,75931.58,0.01068,75933.69,0.0001,75931.57,0.00022,75933.99,0.05014,75931.56,0.07611
1777502579564,75932.82,2.88611,75932.81,0.29218,75932.83,0.00008,75932.8,0.00063,75932.97,0.04194,75932.37,0.00014,75932.98,1.18517,75932.36,0.07287,75932.99,1.73906,75932.34,0.00235,75933.0,1.28141,75932.0,0.0012,75933.39,0.00658,75931.95,0.00007,75933.4,0.01317,75931.58,0.01068,75933.5,0.003,75931.57,0.00022,75933.69,0.0001,75931.56,0.07611
1777502579664,75932.82,2.88611,75932.81,0.29218,75932.83,0.00008,75932.8,0.00063,75932.97,0.04194,75932.37,0.00014,75932.98,1.18517,75932.36,0.07287,75932.99,1.73906,75932.34,0.00235,75933.0,1.28155,75932.0,0.0012,75933.39,0.00672,75931.95,0.00007,75933.4,0.01317,75931.58,0.01068,75933.5,0.003,75931.57,0.00022,75933.69,0.0001,75931.56,0.07611
1777502579764,75932.82,2.88611,75932.81,0.29218,75932.83,0.00008,75932.8,0.00063,75932.97,0.04194,75932.37,0.00014,75932.98,1.18517,75932.36,0.07287,75932.99,1.73906,75932.34,0.00235,75933.0,1.28155,75932.0,0.0012,75933.39,0.00672,75931.95,0.00007,75933.4,0.01317,75931.58,0.01068,75933.5,0.003,75931.57,0.00022,75933.69,0.0001,75931.56,0.07611
1777502579864,75932.82,2.88611,75932.81,0.29218,75932.83,0.00008,75932.8,0.00063,75932.97,0.04194,75932.37,0.00014,75932.98,1.18517,75932.36,0.07287,75932.99,1.73906,75932.34,0.00235,75933.0,1.28155,75932.0,0.0012,75933.39,0.00672,75931.95,0.00007,75933.4,0.01317,75931.58,0.01068,75933.5,0.003,75931.57,0.00022,75933.69,0.0001,75931.56,0.07611
1777502579964,75932.82,2.99276,75932.81,0.29218,75932.83,0.00008,75932.8,0.00063,75932.97,0.04194,75932.37,0.00014,75932.98,1.18517,75932.36,0.07287,75932.99,1.73906,75932.34,0.00235,75933.0,1.28155,75932.0,0.0012,75933.39,0.00014,75931.95,0.00007,75933.4,0.01317,75931.58,0.01068,75933.5,0.003,75931.57,0.00022,75933.69,0.0001,75931.56,0.07611
1777502580064,75932.82,2.99276,75932.81,0.29218,75932.83,0.00008,75932.8,0.00063,75932.97,0.04194,75932.37,0.00014,75932.98,1.18517,75932.36,0.07287,75932.99,1.73906,75932.34,0.00235,75933.0,1.28169,75932.0,0.0012,75933.4,0.01317,75931.95,0.00007,75933.5,0.003,75931.58,0.01068,75933.69,0.0001,75931.57,0.00022,75933.99,0.05014,75931.56,0.07611
1777502580164,75932.82,2.99276,75932.81,0.29218,75932.83,0.00008,75932.8,0.00063,75932.97,0.04194,75932.37,0.00014,75932.98,1.18517,75932.36,0.07287,75932.99,1.73906,75932.34,0.00235,75933.0,1.28169,75932.0,0.0012,75933.4,0.01317,75931.95,0.00007,75933.5,0.003,75931.58,0.01068,75933.69,0.0001,75931.57,0.00022,75933.99,0.05014,75931.56,0.07611
1777502580270,75932.82,2.9606,75932.81,0.00113,75932.83,0.00022,75932.8,0.00056,75932.97,0.04194,75932.37,0.00014,75932.98,1.18517,75932.36,0.07287,75932.99,1.73906,75932.34,0.00235,75933.0,1.28127,75932.0,0.0012,75933.39,0.00658,75931.95,0.00007,75933.4,0.01331,75931.58,0.00014,75933.5,0.003,75931.57,0.00008,75933.69,0.0001,75931.56,0.00021
1777502580364,75932.82,2.97114,75932.81,0.00144,75932.83,0.00022,75932.8,0.0007,75932.97,0.04194,75932.36,0.00042,75932.98,1.18517,75932.34,0.00235,75932.99,1.73906,75932.0,0.0012,75933.0,1.28127,75931.95,0.00007,75933.39,0.00672,75931.57,0.00008,75933.4,0.01331,75931.56,0.00007,75933.5,0.003,75931.13,0.0001,75933.69,0.0001,75930.95,0.00008
1777502580463,75930.23,5.80109,75930.22,0.33905,75930.24,0.00008,75930.21,0.00063,75930.39,0.05908,75930.2,0.01068,75931.58,0.13591,75930.0,0.0012,75931.6,0.003,75929.03,0.00014,75932.8,0.00007,75929.02,0.03967,75932.81,1.8894,75928.91,0.00007,75932.82,0.42822,75928.9,0.00008,75932.97,0.04194,75928.47,0.00007,75932.98,0.00014,75928.02,0.00008
1777502580564,75930.23,5.81037,75930.22,0.33912,75930.24,0.00008,75930.21,0.00063,75930.39,0.05915,75930.2,0.01068,75931.39,0.03552,75930.0,0.0012,75931.58,0.13612,75929.8,0.00292,75931.6,0.003,75929.03,0.00014,75932.23,0.00748,75929.02,0.03967,75932.29,0.00499,75928.91,0.00007,75932.35,0.00499,75928.9,0.00008,75932.41,0.00374,75928.47,0.00007
1777502580663,75930.23,5.81051,75930.22,0.33961,75930.24,0.00008,75930.21,0.00098,75930.38,0.00025,75930.2,0.01068,75930.39,0.05915,75930.0,0.0012,75931.39,0.03566,75929.8,0.00292,75931.58,0.13619,75929.03,0.00014,75931.6,0.003,75929.02,0.03967,75932.23,0.00762,75928.91,0.00007,75932.29,0.00499,75928.9,0.00008,75932.35,0.00499,75928.47,0.00007
1777502580764,75930.23,5.81051,75930.22,0.33961,75930.24,0.00008,75930.21,0.00098,75930.38,0.00025,75930.2,0.01068,75930.39,0.05915,75930.0,0.0012,75931.39,0.03566,75929.8,0.00292,75931.58,0.13619,75929.03,0.00014,75931.6,0.003,75929.02,0.03967,75932.23,0.00762,75928.91,0.00014,75932.29,0.00499,75928.9,0.00008,75932.35,0.00499,75928.47,0.00007
1777502580864,75930.23,5.81051,75930.22,0.33954,75930.24,0.00008,75930.21,0.00091,75930.37,0.0418,75930.2,0.01068,75930.38,0.00025,75930.0,0.0012,75930.39,0.05915,75929.8,0.00292,75931.39,0.03566,75929.03,0.00014,75931.58,0.13619,75929.02,0.03967,75931.6,0.003,75928.91,0.00014,75932.23,0.00762,75928.9,0.00008,75932.29,0.00499,75928.47,0.00007
1777502580964,75930.23,5.8103,75930.22,0.33961,75930.24,0.00008,75930.21,0.00091,75930.37,0.04194,75930.2,0.01068,75930.38,0.00025,75930.0,0.0012,75930.39,0.05915,75929.8,0.00292,75931.39,0.03566,75929.03,0.00014,75931.58,0.13619,75929.02,0.03967,75931.6,0.003,75928.91,0.00014,75932.23,0.00762,75928.9,0.00008,75932.29,0.00499,75928.47,0.00007
1777502581064,75930.23,5.8103,75930.22,0.34468,75930.24,0.00022,75930.21,0.00091,75930.37,0.04194,75930.2,0.01068,75930.38,0.00025,75930.0,0.0012,75930.39,0.05915,75929.8,0.00292,75931.39,0.03566,75929.03,0.00014,75931.58,0.13619,75929.02,0.03967,75931.6,0.003,75928.91,0.00014,75932.23,0.00762,75928.9,0.00008,75932.29,0.00499,75928.47,0.00007
1777502581163,75930.23,5.81013,75930.22,0.33968,75930.24,0.00022,75930.21,0.00091,75930.37,0.04194,75930.2,0.01068,75930.38,0.00025,75930.0,0.0012,75930.39,0.05915,75929.8,0.00292,75931.05,0.0001,75929.03,0.00014,75931.39,0.03566,75929.02,0.03967,75931.58,0.13619,75928.91,0.00014,75931.6,0.003,75928.9,0.00008,75932.23,0.00762,75928.47,0.00007
1777502581264,75930.23,5.81013,75930.22,0.33961,75930.24,0.00022,75930.21,0.00091,75930.37,0.04194,75930.2,0.01068,75930.38,0.00025,75930.0,0.0012,75930.39,0.05915,75929.8,0.00292,75931.05,0.0001,75929.03,0.00014,75931.39,0.03566,75929.02,0.03967,75931.58,0.13619,75928.91,0.00014,75931.6,0.003,75928.9,0.00008,75932.23,0.00762,75928.47,0.00007
1777502581364,75930.23,5.81013,75930.22,0.33961,75930.24,0.00022,75930.21,0.00091,75930.37,0.04194,75930.2,0.01068,75930.38,0.00025,75930.0,0.0012,75930.39,0.05915,75929.8,0.00292,75931.05,0.0001,75929.03,0.00014,75931.39,0.03566,75929.02,0.03967,75931.58,0.13619,75928.91,0.00014,75931.6,0.003,75928.9,0.00008,75932.23,0.00762,75928.47,0.00007
1777502581464,75930.23,5.9102,75930.22,0.33954,75930.24,0.00022,75930.21,0.00091,75930.37,0.04194,75930.2,0.01068,75930.38,0.00025,75930.0,0.0012,75930.39,0.05915,75929.8,0.00292,75931.05,0.0001,75929.03,0.00014,75931.39,0.03566,75929.02,0.03967,75931.58,0.13619,75928.91,0.00014,75931.6,0.003,75928.9,0.00008,75932.23,0.00762,75928.47,0.00007
1777502581564,75930.23,6.05725,75930.22,0.35001,75930.24,0.00022,75930.21,0.00084,75930.37,0.04194,75930.2,0.00014,75930.38,0.00025,75930.0,0.0012,75930.39,0.00021,75929.8,0.00292,75931.05,0.0001,75929.08,0.00014,75931.39,0.00014,75929.07,0.08644,75931.57,0.00008,75929.03,0.00014,75931.58,0.13619,75929.02,0.03967,75931.6,0.003,75928.91,0.00014
1777502581664,75930.23,6.03146,75930.22,0.26357,75930.24,0.00022,75930.21,0.00084,75930.37,0.04194,75930.0,0.0012,75930.38,0.00025,75929.8,0.00292,75930.39,0.00007,75929.08,0.00014,75931.05,0.0001,75929.07,0.08658,75931.57,0.00008,75929.03,0.00014,75931.58,0.13619,75929.02,0.03967,75931.6,0.003,75928.91,0.00014,75932.23,0.00762,75928.9,0.00008
1777502581764,75930.23,5.52592,75930.22,0.27767,75930.24,0.00022,75930.21,0.00084,75930.37,0.04194,75930.0,0.0012,75930.38,0.00025,75929.8,0.00292,75930.39,0.00007,75929.08,0.00014,75931.05,0.0001,75929.07,0.08658,75931.57,0.00008,75929.03,0.00014,75931.58,0.13619,75929.02,0.03967,75931.6,0.003,75928.91,0.00014,75932.23,0.00762,75928.9,0.00008
1777502581864,75930.23,5.52025,75930.22,0.60104,75930.24,0.00071,75930.21,0.00084,75930.37,0.04194,75930.0,0.0012,75930.38,0.00025,75929.8,0.00292,75930.39,0.00007,75929.08,0.00014,75931.05,0.0001,75929.07,0.08658,75931.56,0.00658,75929.03,0.00014,75931.57,0.00008,75929.02,0.03967,75931.58,0.13619,75928.91,0.00014,75931.6,0.003,75928.9,0.00008
1777502581964,75930.23,5.52032,75930.22,0.79414,75930.24,0.00078,75930.21,0.00084,75930.37,0.04194,75930.0,0.0012,75930.38,0.00025,75929.8,0.00292,75930.39,0.00007,75929.07,0.00021,75931.05,0.0001,75929.03,0.00014,75931.56,0.00672,75929.02,0.03967,75931.57,0.00008,75928.91,0.00014,75931.58,0.13619,75928.9,0.00008,75931.6,0.003,75928.47,0.00007
1777502582064,75930.23,5.52032,75930.22,0.79421,75930.24,0.00078,75930.21,0.00084,75930.37,0.04194,75930.0,0.0012,75930.38,0.00025,75929.8,0.00292,75930.39,0.00007,75929.07,0.00007,75931.05,0.0001,75929.03,0.00014,75931.56,0.00672,75929.02,0.03967,75931.57,0.00008,75928.91,0.00014,75931.58,0.13619,75928.9,0.00008,75931.6,0.003,75928.47,0.00007
1777502582164,75930.23,5.52032,75930.22,0.79435,75930.24,0.00078,75930.21,0.00084,75930.37,0.04194,75930.0,0.0012,75930.38,0.00025,75929.8,0.00292,75930.39,0.00007,75929.07,0.00007,75931.05,0.0001,75929.03,0.00014,75931.56,0.00672,75929.02,0.03967,75931.57,0.00008,75928.91,0.00014,75931.58,0.13619,75928.9,0.00008,75931.6,0.003,75928.47,0.00007
1777502582264,75930.23,5.5202,75930.22,0.79435,75930.24,0.00078,75930.21,0.00084,75930.37,0.04194,75930.0,0.0012,75930.38,0.00025,75929.8,0.00292,75930.39,0.00007,75929.07,0.00007,75931.05,0.0001,75929.03,0.00014,75931.56,0.00672,75929.02,0.03967,75931.57,0.00008,75928.91,0.00014,75931.58,0.13619,75928.9,0.00008,75931.6,0.003,75928.47,0.00007
1777502582364,75930.23,5.5202,75930.22,0.79445,75930.24,0.00078,75930.21,0.00084,75930.37,0.04194,75930.0,0.0012,75930.38,0.00025,75929.8,0.00292,75930.39,0.00007,75929.07,0.00007,75931.05,0.0001,75929.03,0.00014,75931.56,0.00672,75929.02,0.03967,75931.57,0.00008,75928.91,0.00014,75931.58,0.13619,75928.9,0.00008,75931.6,0.003,75928.47,0.00007
1777502582464,75930.23,5.48334,75930.22,0.60457,75930.24,0.00078,75930.21,0.00084,75930.37,0.04194,75930.0,0.0012,75930.38,0.00025,75929.8,0.00292,75930.39,0.00007,75929.07,0.00007,75931.05,0.0001,75929.03,0.00014,75931.56,0.00672,75929.02,0.03967,75931.57,0.00008,75928.91,0.00014,75931.58,0.13619,75928.9,0.00008,75931.6,0.003,75928.47,0.00007
1777502582564,75930.23,5.48264,75930.22,0.59964,75930.24,0.0005,75930.21,0.00084,75930.37,0.04194,75930.0,0.0012,75930.38,0.00025,75929.8,0.00292,75930.39,0.00007,75929.07,0.00007,75931.05,0.0001,75929.03,0.00014,75931.56,0.00672,75929.02,0.03967,75931.57,0.00008,75928.91,0.00014,75931.58,0.13619,75928.9,0.00008,75931.6,0.003,75928.47,0.00007
1777502582664,75930.23,4.4968,75930.22,0.91847,75930.24,0.00071,75930.21,0.00084,75930.36,0.00014,75930.0,0.0012,75930.37,0.04194,75929.8,0.00292,75930.38,0.00025,75929.7,0.003,75930.39,0.00007,75929.07,0.00007,75931.05,0.0001,75929.03,0.02619,75931.13,0.01605,75929.02,0.03967,75931.56,0.00014,75928.91,0.00014,75931.57,0.00022,75928.9,0.00008
1777502582764,75930.23,4.28219,75930.22,0.91937,75930.24,0.00071,75930.21,0.00098,75930.36,0.00014,75930.0,0.0012,75930.37,0.04194,75929.8,0.00292,75930.38,0.00025,75929.7,0.003,75930.39,0.00007,75929.07,0.00007,75931.05,0.0001,75929.04,0.00014,75931.12,0.00014,75929.03,0.0264,75931.13,0.00014,75929.02,0.03967,75931.57,0.00022,75928.91,0.00014
1777502582863,75930.23,4.09575,75930.22,1.04765,75930.24,0.00071,75930.21,0.00098,75930.36,0.00014,75930.0,0.0012,75930.37,0.04194,75929.8,0.00292,75930.38,0.00025,75929.7,0.003,75930.39,0.00007,75929.07,0.00007,75931.05,0.0001,75929.04,0.00014,75931.57,0.00022,75929.03,0.06009,75931.58,0.00035,75929.02,0.03967,75931.82,0.00014,75928.91,0.00014
1777502582963,75930.23,4.09575,75930.22,1.04819,75930.24,0.00071,75930.21,0.00112,75930.36,0.00014,75930.0,0.0012,75930.37,0.04194,75929.8,0.00292,75930.38,0.00025,75929.7,0.003,75930.39,0.00007,75929.07,0.00007,75931.05,0.0001,75929.04,0.00014,75931.57,0.00008,75929.03,0.13963,75931.58,0.00021,75929.02,0.03967,75931.82,0.00014,75928.91,0.00014
1777502583066,75930.23,4.09575,75930.22,1.04805,75930.24,0.00071,75930.21,0.00098,75930.36,0.00014,75930.0,0.0012,75930.37,0.04194,75929.8,0.00292,75930.38,0.00025,75929.7,0.003,75930.39,0.00007,75929.07,0.00007,75931.05,0.0001,75929.04,0.00014,75931.57,0.00008,75929.03,0.06814,75931.58,0.00021,75929.02,0.03967,75931.82,0.00014,75928.91,0.00014
1777502583164,75930.23,4.09575,75930.22,1.04812,75930.24,0.00071,75930.21,0.00098,75930.36,0.00014,75930.0,0.0012,75930.37,0.04194,75929.8,0.00292,75930.38,0.00025,75929.7,0.003,75930.39,0.00007,75929.07,0.00007,75931.05,0.0001,75929.04,0.00014,75931.57,0.00008,75929.03,0.06814,75931.58,0.00021,75929.02,0.03967,75931.82,0.00014,75928.91,0.00014
1777502583264,75930.23,4.09596,75930.22,1.04812,75930.24,0.00092,75930.21,0.00098,75930.36,0.00014,75930.0,0.0012,75930.37,0.04194,75929.8,0.00292,75930.38,0.00025,75929.7,0.003,75930.39,0.00007,75929.07,0.00007,75931.05,0.0001,75929.04,0.00022,75931.13,0.00527,75929.03,0.06814,75931.14,0.00527,75929.02,0.03967,75931.33,0.00014,75928.91,0.00014
1777502583366,75930.23,4.09596,75930.22,1.04805,75930.24,0.00092,75930.21,0.00098,75930.36,0.00014,75930.0,0.0012,75930.37,0.04194,75929.8,0.00292,75930.38,0.00025,75929.7,0.003,75930.39,0.00007,75929.07,0.00007,75931.05,0.0001,75929.04,0.00022,75931.13,0.00541,75929.03,0.06814,75931.14,0.00541,75929.02,0.03967,75931.33,0.00014,75928.91,0.00014
1777502583463,75930.23,4.09596,75930.22,1.04798,75930.24,0.00092,75930.21,0.00098,75930.36,0.00014,75930.0,0.0012,75930.37,0.04194,75929.8,0.00292,75930.38,0.00025,75929.7,0.003,75930.39,0.00007,75929.07,0.00007,75931.05,0.0001,75929.04,0.00022,75931.13,0.00541,75929.03,0.06814,75931.14,0.00541,75929.02,0.03967,75931.18,0.00007,75928.91,0.00014
1777502583563,75930.23,4.09596,75930.22,1.04791,75930.24,0.00092,75930.21,0.00098,75930.36,0.00022,75930.0,0.0012,75930.37,0.04194,75929.8,0.00292,75930.38,0.00025,75929.7,0.003,75930.39,0.00007,75929.07,0.00007,75931.05,0.0001,75929.04,0.00022,75931.13,0.00541,75929.03,0.06814,75931.14,0.00541,75929.02,0.03967,75931.18,0.00007,75928.91,0.00014
1777502583664,75930.23,4.09596,75930.22,1.04798,75930.24,0.00092,75930.21,0.00098,75930.36,0.00022,75930.0,0.0012,75930.37,0.04194,75929.8,0.00292,75930.38,0.00025,75929.7,0.003,75930.39,0.00007,75929.07,0.00007,75931.05,0.0001,75929.04,0.00022,75931.13,0.00541,75929.03,0.06814,75931.14,0.00541,75929.02,0.03967,75931.18,0.00007,75928.91,0.00014
1777502583764,75930.23,4.09991,75930.22,1.04805,75930.24,0.00092,75930.21,0.00098,75930.36,0.00022,75930.0,0.0012,75930.37,0.04194,75929.8,0.00292,75930.38,0.00025,75929.7,0.003,75930.39,0.00007,75929.07,0.00007,75931.05,0.0001,75929.04,0.00022,75931.13,0.00541,75929.03,0.06814,75931.14,0.00541,75929.02,0.03967,75931.18,0.00007,75928.91,0.00014
1777502583864,75930.23,4.09991,75930.22,1.04798,75930.24,0.00092,75930.21,0.00098,75930.36,0.00022,75930.0,0.0012,75930.37,0.04194,75929.8,0.00292,75930.38,0.00025,75929.7,0.003,75930.39,0.00007,75929.07,0.00007,75931.05,0.0001,75929.04,0.00022,75931.13,0.00541,75929.03,0.06814,75931.14,0.00541,75929.02,0.03967,75931.18,0.00007,75928.91,0.00014
1777502583964,75930.23,4.09991,75930.22,1.04805,75930.24,0.00092,75930.21,0.00098,75930.36,0.00022,75930.0,0.0012,75930.37,0.04194,75929.8,0.00292,75930.38,0.00025,75929.7,0.003,75930.39,0.00007,75929.07,0.00007,75931.05,0.0001,75929.04,0.00022,75931.13,0.00541,75929.03,0.06814,75931.14,0.00541,75929.02,0.03967,75931.18,0.00007,75928.91,0.00014
1777502584064,75930.23,4.09991,75930.22,1.04805,75930.24,0.00092,75930.21,0.00098,75930.36,0.00022,75930.0,0.0012,75930.37,0.04194,75929.8,0.00292,75930.38,0.07615,75929.7,0.003,75930.39,0.00007,75929.07,0.00007,75931.05,0.0001,75929.04,0.00022,75931.13,0.00541,75929.03,0.06814,75931.14,0.00541,75929.02,0.03967,75931.18,0.00007,75928.91,0.00014
1777502584163,75930.23,4.10005,75930.22,1.04798,75930.24,0.00099,75930.21,0.00098,75930.36,0.00022,75930.0,0.0012,75930.37,0.04208,75929.8,0.00292,75930.38,0.07629,75929.7,0.003,75930.39,0.00007,75929.07,0.00007,75931.05,0.0001,75929.04,0.00022,75931.13,0.00541,75929.03,0.06814,75931.14,0.00541,75929.02,0.03967,75931.18,0.00007,75928.91,0.00014
1777502584264,75930.23,4.10005,75930.22,1.04798,75930.24,0.00099,75930.21,0.00098,75930.36,0.00022,75930.0,0.0012,75930.37,0.04208,75929.8,0.00292,75930.38,0.07629,75929.7,0.003,75930.39,0.00007,75929.07,0.00007,75931.05,0.0001,75929.04,0.00022,75931.13,0.00541,75929.03,0.06814,75931.14,0.00541,75929.02,0.03967,75931.18,0.00007,75928.91,0.00014
1777502584365,75930.23,4.10005,75930.22,1.04798,75930.24,0.00099,75930.21,0.00098,75930.36,0.00022,75930.0,0.0012,75930.37,0.04208,75929.8,0.00292,75930.38,0.07629,75929.7,0.003,75930.39,0.00007,75929.07,0.00007,75931.05,0.0001,75929.04,0.00022,75931.13,0.00541,75929.03,0.06814,75931.14,0.00541,75929.02,0.03967,75931.18,0.00007,75928.91,0.00014
1777502584464,75930.23,4.10005,75930.22,0.98215,75930.24,0.00099,75930.21,0.00098,75930.36,0.00022,75930.0,0.0012,75930.37,0.04208,75929.8,0.00292,75930.38,0.07629,75929.7,0.003,75930.39,0.00007,75929.07,0.00007,75931.05,0.0001,75929.04,0.00022,75931.13,0.00541,75929.03,0.06814,75931.14,0.00541,75929.02,0.03967,75931.18,0.00007,75928.91,0.00014
1777502584565,75930.23,4.10005,75930.22,1.04903,75930.24,0.00099,75930.21,0.00098,75930.36,0.00014,75930.0,0.0012,75930.37,0.04216,75929.8,0.00292,75930.38,0.07629,75929.7,0.003,75930.39,0.00007,75929.07,0.00007,75931.05,0.0001,75929.04,0.00022,75931.13,0.00541,75929.03,0.06814,75931.14,0.00541,75929.02,0.03967,75931.18,0.00007,75928.91,0.00014
1777502584663,75930.23,4.10005,75930.22,1.04896,75930.24,0.00099,75930.21,0.00098,75930.36,0.00014,75930.0,0.0012,75930.37,0.04216,75929.8,0.00292,75930.38,0.07629,75929.7,0.003,75930.39,0.00007,75929.07,0.00007,75931.05,0.0001,75929.04,0.00022,75931.13,0.00541,75929.03,0.06814,75931.14,0.00541,75929.02,0.03967,75931.18,0.00007,75928.91,0.00014
1777502584764,75930.23,4.09977,75930.22,1.02347,75930.24,0.00099,75930.21,0.00098,75930.36,0.00014,75930.0,0.0012,75930.37,0.04216,75929.8,0.00292,75930.38,0.07629,75929.7,0.003,75930.39,0.00007,75929.07,0.00007,75931.05,0.0001,75929.04,0.00022,75931.13,0.00541,75929.03,0.06814,75931.14,0.00541,75929.02,0.03967,75931.18,0.00007,75928.91,0.00014
1777502584864,75930.23,4.09977,75930.22,1.02368,75930.24,0.00099,75930.21,0.00098,75930.36,0.00014,75930.0,0.0012,75930.37,0.04216,75929.8,0.00292,75930.38,0.07629,75929.7,0.003,75930.39,0.00007,75929.07,0.00007,75931.05,0.0001,75929.04,0.00022,75931.13,0.00541,75929.03,0.06814,75931.14,0.00541,75929.02,0.03967,75931.18,0.00007,75928.91,0.00014
1777502584964,75930.23,4.09977,75930.22,1.02361,75930.24,0.00099,75930.21,0.00098,75930.36,0.00014,75930.0,0.0012,75930.37,0.04216,75929.8,0.00292,75930.38,0.07629,75929.7,0.003,75930.39,0.00007,75929.07,0.00007,75931.05,0.0001,75929.04,0.00022,75931.13,0.00541,75929.03,0.06814,75931.14,0.00541,75929.02,0.03967,75931.18,0.00007,75928.91,0.00014
1777502585064,75930.23,4.09977,75930.22,1.02368,75930.24,0.00099,75930.21,0.00098,75930.36,0.00014,75930.0,0.0012,75930.37,0.04216,75929.8,0.00292,75930.38,0.07629,75929.7,0.003,75930.39,0.00007,75929.07,0.00007,75931.05,0.0001,75929.04,0.00022,75931.13,0.00541,75929.03,0.06814,75931.14,0.00541,75929.02,0.03967,75931.18,0.00007,75928.91,0.00014
1777502585163,75930.23,4.09977,75930.22,1.02368,75930.24,0.00099,75930.21,0.00098,75930.36,0.00014,75930.0,0.0012,75930.37,0.04216,75929.8,0.00292,75930.38,0.07629,75929.7,0.003,75930.39,0.00007,75929.07,0.00007,75931.05,0.0001,75929.04,0.00022,75931.13,0.00541,75929.03,0.06814,75931.14,0.00541,75929.02,0.03967,75931.18,0.00007,75928.91,0.00014
1777502585264,75930.23,4.09977,75930.22,0.95673,75930.24,0.00099,75930.21,0.00098,75930.36,0.00014,75930.0,0.0012,75930.37,0.04216,75929.8,0.00292,75930.38,0.07629,75929.7,0.003,75930.39,0.00007,75929.07,0.00007,75931.05,0.0001,75929.04,0.00022,75931.13,0.00541,75929.03,0.06814,75931.14,0.00541,75929.02,0.03967,75931.18,0.00007,75928.91,0.00014
1777502585364,75930.23,4.09977,75930.22,0.95626,75930.24,0.00099,75930.21,0.00098,75930.36,0.00014,75930.0,0.0012,75930.37,0.04216,75929.8,0.00292,75930.38,0.07629,75929.7,0.003,75930.39,0.00007,75929.07,0.00007,75931.05,0.0001,75929.04,0.00022,75931.13,0.00541,75929.03,0.06814,75931.14,0.00541,75929.02,0.03967,75931.18,0.00007,75928.91,0.00014
1777502585464,75930.23,4.09977,75930.22,0.95619,75930.24,0.00099,75930.21,0.00098,75930.36,0.00014,75930.0,0.0012,75930.37,0.04216,75929.8,0.00292,75930.38,0.07629,75929.7,0.003,75930.39,0.00007,75929.07,0.00007,75931.05,0.0001,75929.04,0.00022,75931.13,0.00541,75929.03,0.0275,75931.14,0.00541,75929.02,0.03967,75931.18,0.00007,75928.91,0.00014
1777502585563,75930.23,4.09977,75930.22,0.95633,75930.24,0.00099,75930.21,0.00098,75930.36,0.00014,75930.0,0.0012,75930.37,0.04216,75929.8,0.00292,75930.38,0.07629,75929.7,0.003,75930.39,0.00007,75929.07,0.00007,75931.05,0.0001,75929.04,0.00022,75931.13,0.00541,75929.03,0.0275,75931.14,0.00541,75929.02,0.03967,75931.18,0.00007,75928.91,0.00014
1777502585664,75930.23,4.09977,75930.22,0.9564,75930.24,0.00099,75930.21,0.00098,75930.36,0.00014,75930.0,0.0012,75930.37,0.04216,75929.8,0.00292,75930.38,0.07629,75929.7,0.003,75930.39,0.00007,75929.07,0.00007,75931.05,0.0001,75929.04,0.00022,75931.13,0.00541,75929.03,0.02743,75931.14,0.00541,75929.02,0.03967,75931.18,0.00007,75928.91,0.00014
1777502585765,75930.23,4.09977,75930.22,0.95633,75930.24,0.00099,75930.21,0.00098,75930.36,0.00014,75930.0,0.0012,75930.37,0.04216,75929.8,0.00292,75930.38,0.07629,75929.7,0.003,75930.39,0.00007,75929.07,0.00007,75931.05,0.0001,75929.04,0.00022,75931.13,0.00541,75929.03,0.02743,75931.14,0.00541,75929.02,0.03967,75931.18,0.00007,75928.91,0.00014
1777502585863,75930.23,4.09977,75930.22,0.95633,75930.24,0.00099,75930.21,0.00098,75930.36,0.00014,75930.0,0.0012,75930.37,0.04216,75929.8,0.00292,75930.38,0.07629,75929.7,0.003,75930.39,0.00007,75929.07,0.00007,75931.05,0.0001,75929.04,0.00022,75931.13,0.00541,75929.03,0.02743,75931.14,0.00541,75929.02,0.03967,75931.18,0.00007,75928.91,0.00014
1777502585964,75930.23,4.09977,75930.22,0.95439,75930.24,0.00099,75930.21,0.00098,75930.36,0.00014,75930.0,0.0012,75930.37,0.04216,75929.8,0.00292,75930.38,0.07629,75929.7,0.003,75930.39,0.00007,75929.07,0.00007,75931.05,0.0001,75929.04,0.00022,75931.13,0.00541,75929.03,0.02743,75931.14,0.00541,75929.02,0.03967,75931.18,0.00007,75928.91,0.00014
1777502586065,75930.23,4.09977,75930.22,0.95453,75930.24,0.00099,75930.21,0.00098,75930.36,0.00014,75930.0,0.0012,75930.37,0.04216,75929.8,0.00292,75930.38,0.07629,75929.7,0.003,75930.39,0.00007,75929.07,0.00007,75931.05,0.0001,75929.04,0.00022,75931.13,0.00541,75929.03,0.02743,75931.14,0.00541,75929.02,0.03967,75931.18,0.00007,75928.91,0.00014
1777502586164,75930.23,4.09977,75930.22,0.95453,75930.24,0.00099,75930.21,0.00098,75930.36,0.00014,75930.0,0.0012,75930.37,0.04216,75929.8,0.00292,75930.38,0.07629,75929.7,0.003,75930.39,0.00007,75929.07,0.00007,75931.05,0.0001,75929.04,0.00022,75931.13,0.00541,75929.03,0.02743,75931.14,0.00541,75929.02,0.03967,75931.18,0.00007,75928.91,0.00014
1777502586264,75930.23,4.09977,75930.22,0.95446,75930.24,0.00099,75930.21,0.00098,75930.36,0.00014,75930.0,0.0012,75930.37,0.04216,75929.8,0.00292,75930.38,0.07629,75929.7,0.003,75930.39,0.00007,75929.07,0.00007,75931.05,0.0001,75929.04,0.00014,75931.13,0.00541,75929.03,0.02751,75931.14,0.00541,75929.02,0.03967,75931.18,0.00007,75928.91,0.00014
1777502586364,75930.23,4.09977,75930.22,0.95453,75930.24,0.00099,75930.21,0.00098,75930.36,0.00014,75930.0,0.0012,75930.37,0.04216,75929.8,0.00292,75930.38,0.07629,75929.7,0.003,75930.39,0.00007,75929.07,0.00007,75931.05,0.0001,75929.04,0.00014,75931.13,0.00541,75929.03,0.02751,75931.14,0.00541,75929.02,0.03967,75931.18,0.00007,75928.91,0.00014
1777502586464,75930.23,4.09977,75930.22,0.95453,75930.24,0.00099,75930.21,0.00098,75930.36,0.00014,75930.0,0.0012,75930.37,0.04216,75929.8,0.00292,75930.38,0.07629,75929.7,0.003,75930.39,0.00007,75929.07,0.00007,75931.05,0.0001,75929.04,0.00014,75931.13,0.00541,75929.03,0.02751,75931.14,0.00541,75929.02,0.03967,75931.18,0.00007,75928.91,0.00014
1777502586563,75930.23,4.09977,75930.22,0.95446,75930.24,0.00099,75930.21,0.00098,75930.36,0.00014,75930.0,0.0012,75930.37,0.04216,75929.8,0.00292,75930.38,0.07629,75929.7,0.003,75930.39,0.00007,75929.07,0.00007,75931.05,0.0001,75929.04,0.00014,75931.13,0.00541,75929.03,0.02751,75931.14,0.00541,75929.02,0.03967,75931.18,0.00007,75928.91,0.00014
1777502586665,75930.23,4.09977,75930.22,0.95453,75930.24,0.00099,75930.21,0.00098,75930.36,0.00014,75930.0,0.0012,75930.37,0.04216,75929.8,0.00292,75930.38,0.07629,75929.7,0.003,75930.39,0.00007,75929.07,0.00007,75931.05,0.0001,75929.04,0.00014,75931.13,0.00541,75929.03,0.02751,75931.14,0.00541,75929.02,0.03967,75931.18,0.00007,75928.91,0.00014
1777502586763,75930.23,4.09977,75930.22,0.9546,75930.24,0.00099,75930.21,0.00098,75930.36,0.00014,75930.0,0.0012,75930.37,0.04216,75929.8,0.00292,75930.38,0.07629,75929.7,0.003,75930.39,0.00007,75929.07,0.00007,75931.05,0.0001,75929.04,0.00014,75931.13,0.00541,75929.03,0.02751,75931.14,0.00541,75929.02,0.03967,75931.18,0.00007,75928.91,0.00014
1777502586864,75930.23,4.09977,75930.22,0.95467,75930.24,0.00099,75930.21,0.00098,75930.36,0.00014,75930.0,0.0012,75930.37,0.04216,75929.8,0.00292,75930.38,0.07629,75929.7,0.003,75930.39,0.00007,75929.07,0.00007,75931.05,0.0001,75929.04,0.00014,75931.13,0.00541,75929.03,0.02751,75931.14,0.00541,75929.02,0.03967,75931.18,0.00007,75928.91,0.00014
1777502586964,75930.23,4.09977,75930.22,0.95453,75930.24,0.00099,75930.21,0.00098,75930.36,0.00014,75930.0,0.0012,75930.37,0.04216,75929.8,0.00292,75930.38,0.07629,75929.7,0.003,75930.39,0.00007,75929.07,0.00007,75931.05,0.0001,75929.04,0.00014,75931.13,0.00541,75929.03,0.02751,75931.14,0.00541,75929.02,0.03967,75931.18,0.00007,75928.91,0.00014
